2902 4874
625 401 825 448 APPENDIX.
1151 395 1195 458 65

295 557 406 623 XIV.
442 557 623 637 Quomodo
652 558 769 623 Julius
802 558 921 624 Caesar
946 562 998 624 bis
1030 582 1051 626 a
1077 565 1193 630 Brito-

243 659 344 721 nibus
370 659 528 741 repulsus
545 659 601 735 sit,
617 666 652 722 et
666 660 837 741 quomodo
857 661 910 723 bis
925 661 1036 726 victus
1059 664 1101 728 de
1115 666 1200 730 Bri-,

242 759 364 822 tannia
378 760 452 823 sine
466 779 551 841 pace
565 766 600 823 et
614 778 720 823 censu
733 760 770 823 in
783 759 902 842 fugam
917 761 1028 827 rediit.

295 857 384 923 XV.
409 858 569 938 Qualiter
592 860 705 937 tertio,
721 862 892 942 superatis
910 861 1122 943 BritonibuS,
1138 868 1191 931 in-

214 957 355 1020 ssulam
374 960 568 1041 occupavit,
589 959 820 1042 Britonesque
842 962 907 1024 sibi
930 963 1131 1047 subjugavit
1156 976 1192 1032 et

241 1055 319 1120 illos
334 1058 535 1123 tributarios
550 1059 642 1133 fecit,
654 1079 861 1142 censumque
876 1061 1017 1126 reddere
1031 1067 1156 1148 coegit.
1237 1057 1238 1061 ¹

293 1157 404 1222 XVI.
428 1158 530 1238 Quod
543 1159 581 1222 in
594 1158 758 1223 honorem
773 1161 927 1225 victoriae
944 1161 968 1225 J
969 1164 1042 1242 ulii,
1062 1168 1191 1231 mensis

240 1254 369 1333 Julius,
385 1259 445 1340 qui
460 1267 494 1323 et
510 1257 688 1337 Quintilis,
702 1260 879 1325 dedicatus
895 1263 952 1326 sit.

292 1356 424 1423 XVII.
448 1358 550 1438 Quod
565 1357 730 1422 Claudius
747 1360 941 1443 Imperator
962 1382 1040 1426 cum
1063 1383 1190 1446 magno

197 1470 228 1515 ro
240 1457 356 1521 labore
383 1466 418 1522 et
442 1458 647 1522 detrimento
672 1460 823 1524 secundo
845 1468 925 1543 post
949 1461 1082 1526 Julium
1110 1465 1195 1528 Bri--

239 1564 337 1621 tones
354 1557 450 1635 vicit,
465 1565 500 1622 et
522 1577 632 1639 usque
647 1556 800 1622 Orcades
824 1565 932 1623 totam
955 1562 1104 1625 insulam
1127 1566 1187 1628 ob-

238 1656 348 1735 sedit;
372 1664 408 1721 et
421 1658 480 1722 ubi
494 1657 627 1722 obierit.
961 1723 973 1740 ,

290 1756 443 1821 XVIII.
468 1757 611 1837 Quanto
625 1766 779 1840 tempore
795 1759 838 1822 ab
859 1759 1096 1826 incarnatione
1114 1763 1187 1827 Do-

237 1856 320 1919 mini
334 1856 494 1921 Britones
509 1858 612 1921 fidem
627 1857 756 1922 Christi
771 1868 1007 1942 susceperunt.

196 1976 232 2024 1⁵>
296 1955 413 2020 XIX.
453 1956 614 2036 Qualiter
648 1959 797 2023 Severus
834 1959 1028 2042 Imperator
1064 1963 1187 2027 tertius

238 2075 375 2119 murum
400 2062 498 2120 trans
519 2058 668 2122 insulam
690 2060 734 2123 ob
756 2061 987 2125 incursionem
1009 2060 1187 2126 Pictorum

238 2155 505 2240 Scottorumque
530 2157 644 2222 facere
668 2161 843 2242 praecepit,
870 2168 905 2225 et
928 2162 1006 2225 illos
1031 2180 1053 2224 a
1071 2163 1188 2226 Brito-

238 2255 339 2320 nibus
352 2256 482 2335 divisit,
498 2264 533 2321 et
547 2257 607 2322 ubi
621 2264 743 2341 postea
758 2268 940 2341 peremtus.

289 2355 384 2420 XX.
411 2356 593 2436 Quomodo
604 2355 766 2422 Garutius
781 2358 975 2440 Imperator
990 2359 1185 2424 vindicatus

192 2474 224 2520 no
237 2455 283 2520 sit
299 2455 476 2536 Severum,
492 2459 640 2521 satiatus
664 2458 832 2540 sanguine
848 2460 1053 2538 Britonum;
1077 2467 1113 2524 et
1126 2462 1192 2531 ubi,

236 2555 402 2620 fornicem
416 2557 657 2640 triumphalem
671 2559 707 2622 in
722 2559 920 2624 memoriam
943 2579 1016 2625 suae
1031 2560 1185 2625 victoriae

236 2658 442 2723 construxit.

288 2756 405 2822 XXI.
429 2759 484 2822 De
500 2758 705 2824 Constantio
721 2757 941 2824 Constantini
956 2759 1078 2840 Magni
1101 2759 1185 2837 filio,

236 2856 295 2919 ubi
311 2858 434 2922 obierit
449 2865 484 2922 et
500 2860 656 2941 sepultus
671 2861 728 2938 sit,
743 2867 779 2924 et
792 2880 870 2942 quae
892 2861 1023 2924 semina
1036 2859 1071 2922 in
1086 2860 1185 2941 pavi-

192 2977 225 3024 re
237 2965 353 3021 mento
367 2959 462 3022 urbis
478 2959 633 3023 seruerit.

288 3056 427 3122 XXII.
453 3059 509 3122 De
536 3059 692 3122 Maximo
719 3058 943 3140 Imperatore,
973 3059 1073 3143 cujus
1098 3065 1185 3134 tem-

237 3157 377 3238 poribus
400 3158 549 3222 Sanctus
577 3158 750 3222 Martinus
776 3158 961 3223 virtutibus
985 3159 1121 3235 claruit,
1148 3165 1185 3222 et

237 3257 375 3339 quando
392 3258 625 3341 Imperatores
641 3258 798 3322 Caesares
813 3258 983 3322 nominari
996 3259 1183 3330 desierunt.

289 3356 449 3423 XXIII.
474 3359 529 3422 De
557 3358 771 3422 Maximiano
792 3358 969 3440 Tyranno,
994 3358 1054 3439 qui
1075 3359 1183 3420 fretus

192 3481 224 3528 ao
237 3455 345 3521 milite
361 3458 544 3523 Britonum
561 3457 768 3523 Gratianum
783 3457 908 3521 occidit
924 3457 1183 3539 Imperatorem,

236 3563 272 3620 et
302 3557 521 3622 Britanniam
545 3558 694 3643 juvenili
718 3558 802 3621 flore
834 3556 1008 3640 spoliavit,
1036 3574 1076 3618 ac
1105 3555 1183 3618 Bri-

236 3656 391 3722 tanniam
407 3659 579 3722 Minorem
603 3659 652 3723 eis
674 3657 718 3721 ad
739 3657 929 3740 incolatum
946 3656 1050 3731 dedit,
1067 3656 1184 3737 sicque

236 3775 295 3820 eos
311 3758 557 3840 transmigrare
579 3757 680 3838 fecit3
704 3765 738 3821 et
754 3758 845 3840 quod
868 3775 1044 3839 nunquam
1064 3762 1185 3837 postea

236 3858 362 3921 reverti
377 3858 512 3922 meruit.

289 4173 310 4208 ³⁴
321 4177 438 4242 Metuit]
457 4176 583 4228 Revertiri
594 4177 694 4241 meruit,
706 4176 766 4227 MS.
777 4191 784 4238 ;
801 4176 891 4226 reverti
902 4178 1046 4239 potuerunt,
1059 4175 1129 4224 Gale.

971 4275 993 4338 2
1016 4293 1035 4337 n
