2902 4874
263 380 287 443 4
639 393 837 441 rsowots.

264 552 350 617 tiam
373 552 580 633 habueruut,
595 575 708 638 neque
730 555 837 618 ullum
860 551 1217 618 commemorationem

265 669 411 734 inlibris
430 681 620 754 posueruut
642 672 802 737 doctores
822 671 916 736 illius
938 671 1061 734 insulae
1076 669 1217 732 Britan-

268 787 349 850 niae.
400 787 478 870 Ego
493 798 610 853 autem
624 790 829 853 coacervavi
851 809 954 854 omne
976 787 1070 871 quod
1088 785 1218 861 inveni,

269 910 341 967 tam
356 905 400 968 de
414 906 598 970 annalibus
612 906 865 983 Romanorum,
878 905 1038 990 quamde
1048 902 1218 967 chronicis

106 1032 149 1073 πί·
171 1042 256 1073 πωπω·
268 1030 469 1086 sanctorum
487 1022 648 1101 Petrum,
670 1024 705 1088 id
728 1032 795 1101 cst,
823 1023 1042 1106 Hieronymi,
1066 1020 1218 1096 Eusebii‚
1247 1043 1263 1086 ⁵

105 1084 131 1123 ot
136 1083 238 1124 informa-

104 1135 158 1174 tion.

270 1137 408 1216 Isidori,
446 1138 621 1222 Prosperi‚
650 1149 686 1204 et
721 1140 765 1203 de
802 1141 986 1203 annalibus
1021 1138 1219 1202 Scottorum

269 1254 527 1340 Saxorumque,
539 1266 574 1321 et
588 1278 634 1321 ex
647 1258 833 1322 traditione
843 1265 997 1320 ueterum
1012 1263 1220 1331 nostrorum,

268 1372 361 1454 quod
374 1373 476 1437 multi
489 1374 648 1438 doctores
666 1383 772 1458 atque
793 1374 925 1437 librarii
945 1373 1093 1436 scribere
1106 1379 1219 1435 teuta-

268 1499 405 1566 veruut,
420 1492 537 1554 nescio
550 1511 620 1574 quo
634 1500 738 1575 pacto
752 1489 923 1555 difficilius
938 1490 1160 1572 reliquerunt,
1173 1506 1220 1550 an

269 1615 411 1688 propter
436 1608 666 1673 mortalitates
693 1609 1001 1692 frequentissimas,
1020 1606 1077 1669 vel
1105 1604 1220 1668 clades
1234 1625 1265 1671 ιο

269 1724 493 1787 creberrimas
504 1725 684 1790 bellorum.
723 1726 839 1808 Rogo,
854 1734 893 1789 ut
906 1724 1018 1789 omnis
1029 1723 1149 1799 lector,
1160 1724 1220 1806 qui

268 1840 393 1921 legerit
411 1840 503 1905 huuc
523 1841 660 1920 librum,
675 1843 733 1906 det
751 1844 889 1907 veniam
910 1842 1006 1918 mihi,
1019 1842 1102 1925 quia
1114 1859 1220 1903 ausus

267 1976 345 2020 sum
358 1966 439 2041 post
452 1967 570 2023 tantos
591 1959 667 2023 haec
686 1969 786 2024 tauta
799 1961 948 2023 scribere
962 1959 1063 2041 quasi
1080 1957 1220 2040 garrula

269 2074 357 2151 aviS,
375 2074 432 2138 rel
451 2077 552 2158 quasi
572 2077 713 2158 quidam
735 2077 909 2140 invalidus
932 2077 1073 2140 arbiter.
1125 2073 1220 2138 Cedo

266 2192 331 2270 illi,
345 2193 406 2276 qui
419 2192 498 2276 plus
512 2195 648 2259 noverit
662 2196 699 2258 iu
711 2196 782 2260 ista
794 2196 918 2278 peritia
932 2215 1037 2278 quam
1050 2213 1127 2274 ego.
1233 2212 1264 2258 1⁵

303 2397 469 2466 'Doctmd
486 2403 733 2466 noemma-
758 2403 788 2452 οἰ
806 2404 845 2453 Μ.
868 2403 912 2452 the
934 2404 1010 2453 MSS.
1032 2418 1108 2465 agree
1128 2403 1156 2451 in
1176 2403 1220 2452 the

268 2477 468 2592 ”iplidiulu
482 2543 621 2593 cmm
637 2544 733 2593 suo·-
758 2473 1071 2594 idffloedffl23³
1086 2474 1220 2524 camdem

268 2614 375 2676 mc]
398 2614 504 2674 sepes
521 2615 661 2664 swoomm
679 2616 733 2664 An-
759 2580 768 2592 ⁴
794 2581 816 2645 ¹⁴⁸
830 2615 914 2678 Are]
930 2619 1014 2675 Anus,
1024 2580 1114 2663 cama.
1125 2614 1184 2663 us

268 2685 427 2746 glommque‚
437 2685 468 2732 L.
794 2683 814 2716 ¹⁵
831 2686 930 2734 Peritiu
939 2686 1032 2750 qm]
1049 2686 1148 2734 Peritia
1157 2687 1220 2735 sutis

307 2751 328 2784 ¹²
343 2754 447 2818 Aaou]
464 2754 536 2804 With
546 2755 589 2805 the
600 2758 732 2819 exception
758 2772 844 2818 quam,
855 2757 886 2806 L.
