2902 4874
313 373 357 437 32
583 388 755 435 ursronm
780 386 982 447 nnmouuu,

314 547 411 609 ecce!
435 545 504 608 duo
517 544 608 608 inter
626 564 664 609 se
683 546 880 628 litigabant,
895 552 931 609 et
943 545 1033 608 dixit
1051 544 1139 607 alter
1152 543 1266 620 alteri,

314 645 369 708 ‘O
398 645 500 708 homo
522 646 596 709 sine
617 653 728 727 patre,
755 647 880 710 bonum
903 665 974 709 non
994 643 1159 708 habebis!
1214 641 1266 707 At

313 744 364 808 illi
378 745 420 807 de
436 764 543 827 puero
555 745 598 808 ad
611 765 736 827 pueros
747 746 930 828 diligenter
939 745 1265 828 percunctabantur,

314 852 350 908 01
371 852 573 908 cunctantes
598 853 741 909 matrem
765 846 795 909 si
816 853 950 928 patrem
972 845 1126 920 haberet,
1148 851 1184 907 01
1205 843 1266 919 illa

314 946 455 1027 negavit
478 953 513 1009 et
532 945 632 1022 dixit,
649 945 798 1010 ‘Nescio
820 945 991 1028 quomodo
1013 945 1049 1008 in
1071 951 1169 1007 utero
1188 964 1265 1008 meo
1293 959 1309 1002 e

313 1053 500 1127 conceptus
531 1053 596 1122 est,
621 1046 811 1109 sedunum
836 1045 1025 1127 scio,quia
1052 1045 1164 1109 virum
1193 1064 1266 1108 non

313 1147 461 1226 cognovi
489 1164 642 1227 unquam
654 1145 674 1225 ;’
708 1153 743 1209 et
769 1146 903 1230 juravit
932 1144 1001 1208 illis
1030 1151 1164 1226 patrem
1192 1164 1263 1208 non

312 1244 449 1308 habere.
502 1245 549 1309 Et
569 1245 621 1308 illi
643 1265 720 1308 eum
749 1264 865 1308 secum
889 1245 1064 1308 duxerunt
1086 1263 1195 1326 usque
1218 1243 1263 1307 ad

313 1342 600 1426 Guorthigirnum
616 1365 732 1427 regem
747 1352 782 1409 et
797 1365 874 1408 eum
890 1346 1153 1409 insinuaverunt
1171 1345 1257 1425 regi.

364 1445 381 1528 §
403 1446 457 1509 42.
486 1445 533 1509 Et
556 1446 594 1509 in
618 1446 770 1509 crastino
797 1446 980 1510 conventio
1010 1444 1103 1507 sacta
1131 1450 1196 1520 est,
1222 1451 1308 1507 11110

171 1567 194 1597 or
225 1567 271 1597 eru·
311 1565 397 1627 puer
410 1545 670 1609 interficeretur.
723 1545 770 1609 Et
782 1565 868 1628 puer
882 1545 971 1609 dixit
985 1544 1070 1626 regi,
1087 1542 1180 1607 ‘Cur
1195 1543 1263 1609 viri

313 1646 363 1709 tui
376 1665 431 1708 me
443 1645 486 1709 ad
499 1653 534 1709 te
545 1646 742 1710 detulerunt
753 1645 779 1708 l'
833 1645 899 1710 Cui
912 1665 975 1708 rex
990 1646 1051 1722 ait,
1067 1649 1077 1678 ‘
1091 1643 1142 1708 Ut
1153 1644 1261 1707 inter-

311 1745 449 1822 ficiaris,
468 1754 503 1810 01
523 1747 665 1828 sanguis
681 1753 762 1809 tuus
780 1747 871 1811 circa
893 1764 1005 1809 arcem
1020 1745 1123 1808 istam
1143 1763 1260 1826 asper-

311 1853 423 1927 getur,
438 1853 478 1909 ut
496 1847 606 1928 possit
625 1846 809 1910 aedificari!
863 1845 1058 1928 Respondit
1074 1863 1161 1927 puer
1175 1844 1261 1925 regi,

312 1944 426 2023 ‘Quis
463 1947 525 2009 tibi
561 1946 801 2010 monstravitl’
879 1946 926 2009 Et
974 1944 1151 2027 respondit
1185 1963 1261 2020 rex,
1274 1965 1305 2010 15

278 2082 281 2088 ·
312 2045 440 2127 ‘Magi
477 2047 544 2110 mei
580 2046 663 2109 mihi
696 2045 881 2110 dixerunt.'
958 2045 1005 2109 Et
1043 2064 1129 2126 puer
1159 2044 1260 2121 dixit,

312 2143 396 2208 ‘Ad
425 2166 480 2209 me
507 2153 674 2210 vocentur
687 2146 707 2225 3'
745 2153 780 2209 et
813 2146 953 2209 invitati
986 2152 1069 2208 sunt
1105 2144 1199 2225 magi
1226 2153 1261 2207 et

311 2265 397 2327 puer
409 2246 478 2309 illis
494 2247 594 2324 dixit,
610 2256 618 2280 ⁶
634 2245 721 2324 Quis
742 2247 909 2310 revelavit
927 2246 1038 2322 vobis,
1053 2251 1093 2307 ut
1112 2244 1180 2307 ista
1195 2263 1261 2307 arx

313 2363 335 2407 a
348 2347 516 2428 sanguine
538 2367 615 2411 11100
640 2354 892 2429 aspergeretur,
914 2354 950 2410 et
968 2345 1035 2408 nisi
1055 2351 1261 2426 aspergatur

313 2448 510 2528 asanguine
520 2467 597 2511 meo
606 2448 644 2510 in
655 2454 821 2510 aeternum
830 2466 899 2510 non
909 2445 1157 2509 aedificabiturl
1192 2443 1258 2507 Sed
1272 2463 1305 2509 1ο

312 2545 377 2609 hoc
402 2567 619 2629 cognoscam,
642 2548 719 2629 quis
744 2547 842 2611 vobis
864 2546 906 2609 de
930 2566 984 2609 me
1005 2545 1120 2628 palam
1142 2543 1259 2607 secitl’

313 2645 444 2709 Iterum
458 2667 544 2730 puer
558 2647 658 2724 dixit,
673 2647 801 2710 ‘Modo
825 2647 898 2724 tibi,
914 2646 945 2709 Ο
962 2665 1036 2723 rex,
1052 2644 1259 2708 elucubrabo
1374 2668 1377 2672 ·

312 2752 348 2809 et
374 2748 411 2810 in
437 2749 583 2811 veritate
609 2747 671 2810 tibi
701 2747 816 2811 omnia
838 2753 1017 2827 satagam3
1053 2744 1114 2808 sed
1138 2763 1259 2826 magos

312 2852 391 2910 tuos
406 2855 610 2929 percunctor
623 2846 704 2928 quid
718 2848 754 2910 in
769 2848 968 2928 pavimento
987 2845 1087 2908 istius
1100 2843 1168 2907 loci
1181 2846 1258 2907 esti

314 2945 435 3009 Placet
450 2947 544 3024 mihi,
558 2954 598 3010 ut
612 2946 797 3010 ostendant
808 2947 870 3010 tibi
885 2946 966 3028 quid
983 2946 1046 3008 sub
1060 2944 1259 3025 pavimento
1271 2960 1303 3004 25

312 3045 480 3109 habetur.'
553 3044 603 3109 At
629 3047 680 3109 illi
708 3046 881 3123 dixerunt,
911 3043 1143 3110 ‘Nescimus’
1213 3043 1260 3107 Et

311 3144 488 3222 illedixit,
514 3144 749 3228 ‘Comperior,
775 3154 937 3228 stagnum
959 3145 997 3209 in
1023 3144 1136 3208 medio
1159 3143 1258 3225 pavi-

310 3246 418 3308 menti
448 3253 512 3323 est,
542 3247 658 3310 venite
687 3253 722 3309 et
753 3245 871 3324 fodite,
903 3253 938 3309 et
977 3247 1026 3309 sic
1052 3245 1259 3308 invenietis?

310 3344 493 3409 Venerunt
506 3353 540 3409 et
554 3344 725 3423 foderunt,
742 3353 777 3409 et
790 3345 867 3410 fuit.
920 3345 966 3408 Et
980 3365 1066 3427 puer
1081 3344 1124 3406 ad
1138 3362 1259 3424 magos

309 3445 410 3523 dixit,
435 3445 616 3510 ‘Proferte
638 3446 733 3523 mihi,
767 3445 848 3528 quid
877 3452 930 3508 est
957 3445 993 3507 in
1021 3451 1146 3524 stagno
1157 3442 1184 3505 l'
1224 3449 1258 3504 et
1272 3456 1303 3500 eo

310 3546 490 3624 siluerunt,
506 3555 541 3611 01
560 3567 629 3611 non
653 3553 841 3628 potuerunt
854 3545 1007 3608 revelare
1019 3543 1081 3606 illi.
1133 3539 1183 3605 At
1200 3541 1258 3604 ille

310 3644 399 3709 dixit
409 3646 599 3730 illis,‘Ego
610 3647 708 3710 vobis
719 3646 899 3724 revelabo;
923 3643 1199 3721 duovasasunt3
1223 3649 1259 3704 et

309 3745 359 3808 sic
370 3747 552 3810 invenietis
564 3747 584 3826 ;’
599 3752 781 3822 venerunt,
791 3753 826 3809 et
837 3745 997 3808 viderunt
1007 3743 1068 3806 sic.
1114 3742 1161 3805 Et
1172 3760 1259 3822 puer

309 3845 353 3907 ad
375 3864 496 3926 magos
518 3845 617 3922 dixit,
645 3844 762 3923 ‘Quid
784 3845 821 3908 in
844 3845 938 3909 vasis
960 3842 1130 3907 conclusis
1154 3841 1258 3903 habe·

344 4104 490 4168 ⁸Hodere.]
509 4106 539 4155 L.
552 4106 611 4154 here
622 4105 695 4167 adds,
713 4105 770 4152 ‘Ti-
797 4104 893 4163 iniquo,
918 4101 976 4150 ideo
1004 4104 1100 4161 patrem
1122 4098 1195 4148 fateri
1216 4113 1261 4147 110-

308 4177 391 4224 mebat
406 4176 452 4224 illa
468 4191 500 4224 ne
517 4175 673 4224 occideretur
684 4191 700 4224 a
710 4189 770 4236 rege
796 4173 862 4221 luit!
