2902 4874
236 380 258 443 2
612 397 810 446 rnonosus.

239 552 425 618 decalcatae
439 551 645 637 deperirent,
661 576 807 640 quarum
829 555 945 639 ampla
967 575 1067 639 seges
1081 576 1191 640 quon·

240 670 320 736 dam
353 677 595 736 extranearum
632 675 786 756 gentium
822 673 956 739 infestis
984 675 1193 738 messoribus

241 790 389 873 sparsim
402 798 575 873 praerepta
589 799 653 870 est,
668 801 884 875 posterorum
906 792 1079 855 memoriae
1093 789 1193 874 pudi-

80 927 122 968 nn
134 925 228 977 aaaron.
241 907 378 971 bundus
387 906 551 972 mandare
563 909 692 974 curavi.
731 909 881 993 Quippe,
890 909 1008 973 multis
1021 909 1193 986 obnoxiis,

243 1025 302 1108 qui
316 1025 377 1089 vix
392 1024 537 1089 aliorum
560 1025 747 1090 dictamina
769 1025 1076 1108 superficietenus,
1091 1031 1195 1107 prout
1223 1038 1238 1082 ⁵

241 1141 326 1206 utile
340 1148 442 1220 esset,
456 1141 649 1225 intelligere
664 1143 841 1227 hucusque
856 1143 1045 1226 quiveram,
1067 1140 1194 1205 nedum

185 1269 188 1275 ’
241 1259 382 1343 propria
403 1258 527 1323 incude
548 1258 731 1339 sufficiens,
749 1260 808 1324 sed
825 1259 921 1325 velut
937 1258 1106 1322 barbarus
1129 1258 1193 1323 ali-

242 1396 340 1441 orum
367 1376 522 1460 linguam
549 1375 754 1460 infringens,
788 1385 917 1442 temere
949 1374 1191 1440 commerdavi.

241 1490 409 1558 Attamen
428 1493 602 1558 internum
617 1494 743 1558 vulnus
763 1494 892 1557 circum
912 1491 1104 1575 praecordia
1118 1491 1193 1557 vol-

241 1629 327 1674 vens
357 1629 450 1692 aegre
478 1609 642 1689 ferebam,
672 1612 701 1674 si
728 1610 876 1694 propriae
906 1609 1020 1692 gentis
1056 1627 1193 1686 nomen,
1207 1626 1239 1671 ιο

242 1727 415 1811 quondam
430 1725 599 1791 famosum
614 1735 649 1792 et
661 1728 808 1810 insigne,
823 1727 996 1792 oblivione
1018 1743 1194 1790 corrosum

242 1842 400 1907 fumatim
415 1851 647 1908 evanesceret.
676 1843 743 1908 Sed
754 1843 917 1927 quoniam
926 1850 1112 1925 utcumque
1123 1841 1193 1905 his·

242 1960 503 2043 toriographum
519 1961 781 2025 Brittannorum
803 1981 858 2025 me
879 1961 971 2024 malo
995 1978 1194 2042 essequam
1225 2023 1227 2029 ,

243 2079 424 2156 neminem,
450 2079 608 2162 quamvis
631 2078 718 2142 adeo
741 2079 857 2161 plures
878 2077 1112 2154 inveniantur,
1134 2077 1194 2160 qui

243 2195 334 2261 hunc
349 2196 500 2260 laborem
514 2195 598 2259 mihi
611 2195 805 2280 injunctum
816 2195 927 2259 satius
941 2195 1081 2277 explere
1094 2201 1192 2277 pote·
1207 2213 1239 2259 ra

243 2321 335 2391 rant,
367 2312 560 2395 relegentes
592 2312 713 2376 humili
747 2331 849 2395 prece
883 2331 1002 2395 posco,
1030 2330 1192 2395 quorum·

163 2462 165 2466 ·
243 2449 389 2513 cumque
405 2449 505 2494 aures
527 2428 798 2493 inconcinnitate
813 2429 993 2493 verborum
1009 2427 1194 2505 offendero,

242 2567 312 2630 quo
325 2547 461 2612 veniam
482 2546 654 2631 majorum
673 2552 756 2611 voto
769 2546 906 2629 parenti
927 2544 1027 2609 facile
1050 2544 1195 2609 exaudi-

241 2664 336 2728 tione
358 2684 403 2728 ex
422 2663 538 2727 debito
556 2682 593 2727 se
616 2664 776 2728 noverint
796 2663 1014 2745 praebituros.
1066 2661 1196 2726 Errant

242 2800 391 2865 namque
427 2780 626 2845 multotiens
664 2781 871 2862 impotentes
904 2779 1057 2858 effectuS,
1091 2799 1194 2863 quem
1205 2793 1238 2838 ro

156 2946 158 2950 .
242 2915 368 2974 errare,
400 2896 431 2959 si
457 2903 586 2979 posset,
616 2916 686 2961 non
718 2896 846 2960 sineret
874 2895 1010 2960 fervens
1039 2897 1193 2960 affectus.

242 3011 380 3076 Serviat
401 3012 519 3095 itaque
541 3010 713 3076 sufficiens
737 3012 877 3090 caritas,
892 3012 1016 3101 quibus
1040 3011 1195 3076 sufficere

243 3149 313 3192 non
336 3128 488 3211 potuerit
501 3130 684 3193 verborum
706 3149 858 3193 meorum
881 3129 1089 3193 inconcinna
1112 3129 1194 3192 sim-

241 3245 391 3327 plicitas,
415 3264 479 3309 nec
501 3245 646 3310 vilescat
667 3245 704 3309 in
727 3247 867 3310 auribus
887 3246 1100 3310 audientium
1124 3246 1195 3310 his-

243 3361 342 3425 toriae
357 3362 498 3440 veritas,
523 3381 626 3445 quam
649 3361 808 3444 imperito
830 3362 959 3444 linguae
975 3382 1113 3427 vomere
1132 3383 1193 3427 ex·
1205 3379 1237 3424 25

243 3497 342 3543 arare
357 3479 407 3543 sio
421 3498 507 3543 ausa
520 3453 573 3543 est
584 3497 661 3543 mea
674 3477 861 3544 rusticitas.
899 3478 1074 3562 Siquidem
1085 3481 1195 3545 tutius

243 3603 297 3660 est
328 3597 501 3661 salubrem
532 3595 729 3660 documenti
760 3596 923 3661 haustum
950 3595 1105 3680 quolibet
1134 3597 1196 3662 vili

186 3703 190 3708 ’
242 3714 385 3778 vasculo
408 3714 555 3792 ebibere,
571 3732 675 3796 quam
697 3713 845 3776 mixtum
868 3712 968 3777 melle
990 3712 1100 3777 dulcis
1123 3715 1194 3778 elo-

243 3831 393 3914 quentiae
421 3850 591 3895 venenum
619 3829 788 3893 mendacii
819 3848 923 3893 aureo
951 3830 1075 3913 poculo
1104 3851 1194 3914 prae-

243 3955 395 4028 gustare.
1206 3973 1238 4018 ao

524 4200 545 4234 ²²
563 4205 682 4269 Caritas]
704 4205 840 4269 Alacritas,
850 4205 888 4255 M.
