2902 4874
500 398 671 447 aucrorn
694 400 843 449 ιιιιιιιιιο.
1101 390 1145 454 55

196 553 456 635 Catguommcd.
524 558 667 639 Ecgsrid
705 559 803 623 filius.
834 559 944 624 Osbiu
984 564 1144 642 regnavit

195 673 318 718 novem
340 657 473 720 annis..
515 657 559 721 In
584 665 738 741 tempore
762 659 854 722 illius
876 659 1025 724 Sanctus
1049 661 1142 726 Gud-

194 755 311 817 bertus
325 755 507 840 episcopus
529 758 664 822 obiitin
679 758 793 822 insula
807 759 984 839 Medcaut,
999 762 1074 844 ipse
1088 771 1143 828 est

194 854 254 937 qui
267 853 348 917 fecit
361 856 490 920 bellum
506 866 629 922 contra
644 856 763 922 Pictos
777 867 812 923 et
826 861 956 924 corruit
971 862 1030 926 ibi.

163 975 180 1020 5
244 954 365 1018 Penda
403 956 495 1021 filius
531 958 655 1042 Pybba
683 961 844 1042 regnavit
872 961 990 1025 decem
1028 963 1141 1040 annis,

192 1054 266 1136 ipse
281 1055 412 1136 primus
426 1059 603 1141 separavit
616 1079 761 1140 regnum
774 1060 983 1125 Marciorum
998 1081 1020 1125 a
1033 1081 1141 1143 regno

193 1153 402 1233 Nordorum,
424 1167 460 1223 et
484 1158 612 1222 Onnan
634 1178 751 1240 regem
774 1160 1081 1242 Easteranglorum
1105 1170 1142 1226 et

193 1254 358 1319 Sanctum
369 1255 586 1322 Osuualdum
600 1278 716 1342 regom
732 1258 930 1325 Nordorum
944 1263 1070 1326 occidit
1080 1281 1142 1344 per

193 1355 320 1419 dolum.
373 1356 455 1439 Ipse
468 1358 550 1423 fecit
565 1359 693 1423 bellum
714 1358 867 1443 Cocboy,
882 1361 1001 1444 inquo
1018 1362 1141 1426 cecidit

148 1477 179 1522 io
193 1455 292 1519 Eoua
306 1457 398 1519 filius
413 1459 538 1542 Pippa,
560 1459 668 1523 irater
684 1459 771 1543 ejus,
787 1480 851 1523 rex
867 1460 1089 1539 Marciorum,
1103 1469 1140 1525 et

192 1555 348 1620 Osuuald
378 1577 441 1622 rex
472 1559 683 1636 Nordorum,
706 1566 742 1623 et
762 1560 836 1642 ipse
861 1562 973 1625 victor
994 1561 1060 1626 fuit
1073 1561 1140 1643 ‘per

190 1655 393 1721 diabolicam
407 1667 528 1724 artem.
581 1659 665 1722 Non
679 1668 755 1723 erat
776 1660 983 1742 baptizatus
1002 1670 1037 1725 et
1051 1681 1139 1725 nun·

192 1777 295 1838 quam
309 1757 386 1821 Deo
402 1759 557 1824 credidit.

242 1956 260 2039 §
281 1957 335 2022 66
359 1956 394 2022 A
410 1959 530 2022 mundi
552 1959 721 2041 principio
745 1979 854 2043 usque
877 1959 921 2022 ad
938 1958 1138 2025 Constanti·
1149 1969 1217 2008 θὴιοι
1218 1969 1282 2019 0¹⁰⁸*-

147 2079 177 2123 ιι
193 2075 272 2119 num
287 2066 323 2122 ct
337 2058 469 2123 Rufum
484 2060 766 2142 quinquemillia,
790 2061 947 2124 sexcenti
969 2062 1139 2144 quinqua·

190 2157 288 2238 ginta
303 2166 382 2224 octo
396 2161 479 2224 anni
494 2161 722 2242 reperiuntur.

241 2257 343 2336 Item,
359 2279 381 2325 a
396 2261 529 2324 duobus
546 2260 691 2342 geminis
707 2258 802 2322 Rufo
817 2265 853 2322 ct
867 2257 1016 2322 Rubclio
1030 2276 1141 2339 usqua

86 2407 89 2412 .
189 2357 225 2420 in
239 2357 450 2425 Stilicionem
472 2360 661 2439 consulem,
680 2359 809 2424 treceni
831 2357 1054 2441 septuaginta
1068 2364 1138 2420 tres

189 2459 272 2546 anni
285 2468 377 2525 sunt.

145 2558 342 2638 toItem,
375 2580 398 2624 a
433 2560 609 2625 Stilicione
639 2579 749 2642 usquc
777 2559 821 2622 ad
850 2555 1137 2623 Valentinianum

145 2578 296 2722 2⁰filium
325 2660 478 2724 Placidae
502 2669 538 2726 ct
566 2682 712 2744 regnum
738 2657 993 2742 Guorthigirni,
1012 2655 1138 2737 viginti

190 2767 268 2822 octo
286 2761 380 2824 anni.

240 2859 287 2922 Et
308 2879 451 2942 arogno
467 2859 709 2941 Guorthigirni
730 2879 840 2941 usque
864 2858 909 2921 ad
932 2856 1138 2921 discordiam

192 2957 362 3024 Guitolini
377 2968 413 3025 et
427 2958 613 3037 Ambrosii,
629 2960 712 3022 anni
730 2967 812 3024 sunt
834 2958 1025 3035 duodecim,
1047 2956 1139 3039 quod

146 3068 244 3128 rsest
267 3058 500 3143 Guoloppum,
528 3061 564 3124 id
592 3067 657 3138 cst,
684 3057 916 3142 Gatguoloph.
971 3056 1138 3121 Guorthi-

191 3159 310 3240 girnus
321 3167 437 3224 autem
448 3163 558 3225 tenuit
568 3161 749 3242 imperium
762 3161 798 3224 in
806 3159 1016 3236 Brittannia,
1024 3157 1138 3220 Theo-

192 3259 288 3323 dosio
318 3244 353 3324 et
375 3259 624 3324 Valentiniano
643 3260 858 3335 'consulibua
880 3250 919 3321 'et
948 3259 983 3321 in
1014 3264 1138 3340 quarto

193 3377 283 3423 anno
310 3361 408 3442 regni
433 3362 486 3424 sui
511 3360 669 3424 Saxones
699 3360 742 3423 ad
774 3358 1007 3423 Brittanniam
1035 3376 1138 3420 vene·

192 3466 284 3537 runt,
314 3460 429 3524 Felice
461 3468 496 3524 et
525 3460 642 3524 Tauro
673 3459 883 3533 consulibus,
908 3456 1140 3538 quadringen-

148 3577 180 3622 ao
192 3559 314 3622 tesimo
334 3579 426 3624 anno
443 3561 487 3623 ab
505 3561 743 3625 incarnatione
763 3557 905 3624 Domini
925 3556 1034 3619 nostri
1054 3555 1077 3618 J
1080 3573 1141 3618 esu

132 3690 134 3695 ·
194 3659 334 3726 Christi.

243 3760 299 3824 Ab
316 3781 408 3825 anno
423 3780 490 3844 quo
506 3750 663 3825 Saxones
676 3766 847 3824 venerunt
861 3759 898 3822 in
908 3752 1141 3819 Brittanniam

230 4044 236 4073 ¹
258 4044 451 4107 Catguommcd.]
464 4045 658 4107 Catguomined,
684 4047 749 4095 ravit
760 4061 874 4107 regnum,
885 4045 918 4094 Α.
932 4045 966 4095 Β.
981 4044 1010 4092 C.
1023 4042 1054 4092 F.

196 4121 244 4177 C.;
262 4116 429 4177 Catgominet,
442 4115 474 4164 F.
719 4113 740 4144 ²³
759 4109 957 4182 Gamttigimi]
1002 4113 1147 4174 Guorthini,

230 4185 240 4217 ⁶
265 4185 392 4249 saporavit
419 4180 543 4251 regnum]
576 4186 659 4246 Repa-
686 4188 720 4236 B.
735 4189 764 4237 C.
