2902 4874
542 366 711 414 succosa
736 368 883 415 nnuuro.
1145 354 1188 417 19

289 519 374 602 523.
397 520 536 586 Tertius
557 522 624 586 suit
637 523 797 602 Severius,
811 526 871 606 qui
886 525 1124 590 transfretavit
1142 526 1186 590 ad

239 619 462 700 Brittannos3
485 622 555 698 ubi,
570 630 610 686 ut
627 632 783 706 receptas
798 625 995 707 provincias
1010 626 1055 688 ab
1071 626 1186 689 incur·
1310 694 1314 701 ,

237 720 333 783 sione
347 721 527 786 barbarica
549 723 676 787 iaceret
698 724 855 801 tutiores,
869 744 1003 788 murum
1025 733 1061 789 et
1079 745 1185 807 agge·
1284 714 1288 724 '

238 839 309 882 rem
325 838 347 882 a
361 822 578 904 mariusque
600 823 645 887 ad
667 843 761 888 mare
783 844 845 906 per
859 824 1076 889 latitudinem
1091 825 1184 890 Brit-

209 920 379 999 stanniae,
406 921 441 984 id
469 930 534 1000 est,
564 943 626 1005 per
652 931 790 987 centum
820 924 965 1006 triginta
986 925 1055 988 duo
1077 925 1186 989 millia

237 1038 412 1101 passuum,
420 1021 565 1086 deduxit
577 1044 585 1102 ;
602 1031 638 1087 et
645 1031 790 1089 vocatur
798 1024 1016 1089 Brittannico
1029 1044 1186 1090 sermone

238 1117 366 1183 Guaul.
418 1119 608 1203 Propterea
621 1122 729 1205 jussit
750 1123 823 1187 fieri
845 1125 936 1187 inter
950 1125 1128 1188 Brittones
1149 1134 1185 1188 et

238 1217 357 1283 Pictos
377 1227 412 1283 et
437 1221 597 1301 Scottos;
621 1222 704 1304 qnia
725 1223 836 1288 Scotti
864 1225 909 1287 ab
938 1224 1126 1301 occidente,
1149 1234 1185 1288 et

239 1317 330 1382 Picti
350 1321 395 1383 ab
424 1322 585 1404 aquilone
607 1323 815 1387 unanimiter
836 1325 1039 1406 pugnabant
1064 1330 1186 1387 contra

194 1437 225 1481 ro
239 1418 427 1498 Brittones
442 1442 523 1485 nam
545 1430 580 1487 et
601 1422 669 1504 ipsi
690 1442 811 1505 pacem
825 1423 916 1487 inter
933 1443 970 1487 se
990 1423 1184 1501 habebant3

238 1526 272 1582 et
301 1539 371 1583 non
405 1522 514 1586 multo
546 1529 626 1605 post
654 1522 747 1586 intra
775 1523 1009 1587 Brittanniam
1037 1523 1184 1587 Severus

196 1670 199 1676 Α
237 1620 391 1683 moritur.

289 1718 374 1802 §24
399 1717 554 1796 Quartus
569 1720 634 1784 fuit
649 1720 808 1784 Karitius
821 1721 1009 1802 imperator
1016 1729 1052 1785 et
1065 1728 1184 1805 tyran-

238 1837 315 1894 nuS,
338 1820 397 1901 qui
418 1827 453 1883 et
474 1820 548 1902 ipse
565 1821 601 1883 in
616 1821 850 1884 Brittanniam
873 1822 970 1885 venit
990 1821 1185 1904 tyrannide,

194 1935 224 1978 15
238 1918 320 2000 quia
330 1927 512 2002 propterea
522 1927 691 2002 tyrannus
705 1920 770 1984 suit
783 1941 846 2003 pro
861 1922 1032 1985 occisione
1047 1921 1185 1999 Severi3

239 2025 273 2081 et
294 2038 372 2082 cum
393 2020 551 2083 omnibus
575 2020 718 2084 ducibus
734 2020 961 2084 Romannicee
985 2022 1110 2102 gentis,
1127 2020 1187 2102 qui

237 2127 336 2183 crant
346 2139 425 2182 cum
440 2139 481 2183 eo
495 2120 531 2182 in
541 2120 751 2197 Brittannia,
762 2121 1056 2185 transverberavit
1068 2139 1187 2185 omnes

237 2219 374 2299 regulos
398 2219 671 2298 Brittannorum,
688 2228 723 2284 et
745 2220 934 2285 vindicavit
957 2220 1058 2283 valde
1082 2220 1186 2284 Seve-

238 2337 313 2381 rum
328 2319 466 2396 abillis,
482 2328 517 2382 et
531 2340 718 2404 purpuram
734 2320 941 2384 Brittanniae
956 2320 1150 2402 occupavit.

192 2432 224 2477 2⁰
289 2419 374 2502 525.
399 2418 551 2497 Quintus
572 2419 811 2496 Constantine,
828 2418 1050 2483 Constantini
1071 2419 1188 2500 magni

237 2684 264 2732 11
284 2683 327 2732 the
349 2685 455 2746 margin,
474 2685 620 2747 ίΜ1111111,
639 2687 700 2747 quia
724 2686 771 2745 pit,
783 2684 901 2733 fornicem
913 2683 1090 2743 triumphalem
1101 2685 1126 2732 in
1138 2685 1189 2732 vic·

238 2754 333 2813 primus
349 2768 430 2802 annus
446 2755 557 2803 Evaristi
569 2755 699 2805 suanm.
724 2756 796 2803 toriae
824 2755 967 2803 memoriam
1000 2754 1100 2815 erigens
1131 2769 1189 2801 con-

239 2826 280 2885 79,
291 2825 452 2883 primusvero
462 2838 543 2872 annus
552 2824 701 2886 Eleutherii,
725 2824 835 2874 struxit!
848 2825 883 2872 K.
891 2824 922 2873 L.
933 2824 967 2872 N.
996 2823 1109 2872 Another
1125 2838 1190 2872 mar-

239 2907 313 2952 quem
324 2893 411 2942 debuit
418 2895 568 2958 nominasse,
575 2895 699 2944 suitam.
726 2895 794 2955 gina]
801 2899 857 2941 note
865 2893 996 2941 followsin
1004 2894 1038 2942 K.
1048 2909 1056 2953 3
1068 2893 1189 2956 ‘Anglice

241 2963 306 3012 161!
725 2978 784 3012 vero
801 2963 912 3011 Penltun
934 2962 1028 3011 dicitnr
1049 2977 1066 3011 a
1087 2965 1189 3013 flumine

274 3027 285 3065 ⁷
304 3033 406 3096 Gnout]
430 3033 524 3094 Gaaul,
536 3034 559 3082 L
574 3038 599 3095 2,
616 3033 649 3081 P.
661 3048 700 3093 a.;
726 3033 826 3081 Kaldra
836 3047 918 3093 usque
929 3032 963 3079 nd
975 3033 1127 3081 Riminden!

240 3101 319 3164 Gual,
327 3104 361 3152 N.
371 3119 378 3162 ;
390 3102 486 3165 Gauul,
499 3105 535 3153 K.
541 3103 625 3152 which
637 3103 701 3152 adds
760 3100 779 3131 ¹¹
798 3103 855 3150 Non
868 3104 944 3150 multo
957 3103 1033 3165 pom]
1052 3103 1115 3150 Post
1126 3102 1189 3149 mui-

240 3171 267 3218 in
276 3172 318 3221 the
329 3173 436 3234 margin,
446 3173 568 3222 ‘Perlto
580 3173 649 3236 [132,
656 3173 700 3235 L.]
725 3179 779 3221 tum
787 3178 895 3233 tempus.
903 3207 910 3222 .
918 3208 924 3221 .
933 3173 1040 3220 Eboraci
1047 3173 1190 3231 moritur,o.

240 3243 422 3303 veromiliaria,
428 3257 531 3302 passum
541 3258 620 3292 unum
632 3243 702 3304 [pas
762 3239 781 3272 ¹¹
797 3242 928 3304 Meritus]
945 3241 1012 3289 Dolo
1021 3241 1190 3290 Brittanorum

240 3324 294 3373 sus,
305 3312 359 3375 L.],
370 3327 387 3361 a
398 3312 533 3375 Penguaul
547 3312 702 3374 [Penganuh
726 3312 835 3361 Eboraci
845 3312 950 3360 moritur
957 3311 1023 3359 intra
1030 3311 1190 3372 Brittaniam,

241 3381 295 3444 L.],
318 3396 376 3443 quae
395 3383 457 3431 villa
479 3383 587 3431 Scottice
605 3382 702 3442 Cenail,
728 3383 763 3430 N.
776 3382 809 3430 P.

240 3450 348 3513 Anglice
369 3465 428 3500 vero
454 3452 580 3501 Peneltun
600 3452 702 3513 dicitur,
762 3448 782 3481 ¹⁰
796 3448 1045 3510 Quidamtamen]
1059 3447 1191 3498 Quierant

240 3535 321 3582 usque
339 3521 373 3570 ad
390 3523 482 3570 ostium
500 3522 609 3570 fluminis
625 3521 703 3571 cluth
728 3536 786 3569 cum
797 3536 836 3581 eo,
846 3520 1002 3579 Bryttaniam
1011 3518 1152 3566 verberavit
1161 3533 1191 3566 ac

241 3595 266 3638 et
277 3591 478 3653 Cairpentaloch,
490 3606 540 3652 quo
556 3606 643 3640 murus
659 3591 702 3640 ille
726 3605 812 3639 omnes
832 3589 932 3651 regulos
950 3588 1079 3648 ducesque
1091 3588 1192 3647 Brytto·

241 3661 326 3709 finitur
336 3661 430 3710 rustico
436 3676 521 3722 opere.
545 3660 703 3711 Severusille
727 3675 796 3722 num,
807 3665 832 3708 et
849 3658 986 3706 vindicavit
1003 3658 1029 3704 11
1047 3657 1098 3705 illis
1116 3657 1191 3706 Seve-

240 3730 378 3790 praedictus
400 3732 549 3792 construxit,
572 3731 616 3780 sed
640 3731 703 3779 nihil
727 3745 792 3792 rum,
800 3735 825 3778 et
836 3743 974 3790 purpuram
982 3727 1139 3788 Bryttanniae
1148 3727 1192 3776 de·

240 3800 342 3860 profuit.
380 3799 516 3850 Carnutius
528 3806 616 3862 postea
626 3801 704 3861 impe·
727 3800 845 3860 vastavit,
856 3814 879 3847 a.

240 3875 307 3919 rator
318 3869 491 3931 reedificavit,
501 3876 527 3919 et
537 3875 632 3931 septem
649 3884 704 3918 cas-
764 3867 784 3899 ¹⁸
805 3869 880 3917 Valde
889 3866 1025 3928 Severum]
1044 3865 1125 3914 Valde
1134 3879 1191 3914 san·

239 3939 306 3989 tellis
317 3940 423 3988 munivit
434 3941 498 3988 inter
511 3944 618 4001 utraque
629 3941 703 4001 ostiu,
728 3940 830 4001 guinem
837 3938 932 3996 Severi,
944 3937 978 3984 K.

240 4008 391 4071 domumque
399 4011 530 4058 rotundam
543 4010 629 4071 politis
639 4010 703 4071 lapi·
764 4007 783 4040 ¹⁹
802 4006 956 4069 Occupavit]
980 4004 1132 4066 Occupavit,
1151 4004 1190 4051 vet

239 4079 315 4127 dibus
323 4093 400 4140 super
406 4080 486 4139 ripam
493 4080 602 4128 fluminis
608 4081 702 4142 Garun,
728 4079 846 4141 vastavit,
857 4078 879 4126 L
891 4081 914 4125 2.

240 4149 307 4208 quod
319 4163 334 4196 a
346 4163 392 4197 suo
409 4150 507 4198 nomine
525 4164 614 4198 nomen
632 4164 702 4198 acce·
1032 4217 1047 4262 2

969 4219 984 4262 2
1002 4228 1016 4260 c
