2902 4874
91 2773 132 2817 liis
140 2776 223 2825 battles,

234 395 277 459 34
506 411 679 460 merome
704 409 908 470 remonon,

236 575 347 632 tutam
380 587 506 646 arcem,
527 576 564 633 et
586 589 651 651 ego
676 569 731 632 hic
752 566 922 631 manebo'
986 564 1033 629 Et
1057 563 1125 627 rex‘
1142 563 1188 627 ad

238 668 491 733 adolescentem
515 669 619 746 dixit,
645 668 748 747 ‘Quo
773 668 911 732 nomine
933 664 1103 730 vocarisl’
1129 663 1189 727 ille

239 770 429 851 respondit,
453 767 679 833 ‘Ambrosius
694 768 831 845 ¹vocor,'
858 765 910 854 (id
942 773 1007 842 est,
1032 764 1190 828 Embries

242 867 381 933 Guletic
401 870 475 952 ipse
496 865 707 951 videbatur.)
758 869 805 932 Et
825 887 888 931 rex
911 867 1012 944 dixit,
1028 865 1106 928 ‘De
1120 883 1192 946 qua

241 971 405 1051 progenie
435 989 472 1033 es
483 969 510 1032 l'
571 969 695 1034 ‘Unus
717 976 771 1033 est
792 975 892 1050 pater
915 985 1012 1030 meus
1034 965 1077 1028 de
1097 963 1190 1028 Con·
1219 981 1235 1026 e

242 1069 374 1133 sulibus
389 1068 591 1133 Romanicae
607 1069 744 1151 gentis!
805 1069 851 1132 Et
873 1087 987 1132 arcem
1010 1066 1105 1129 dedit
1127 1084 1192 1128 rex

242 1169 304 1246 illi,
321 1189 398 1233 cum
418 1170 576 1234 omnibus
595 1171 711 1252 regnis
731 1168 954 1232 occidentalis
966 1167 1082 1250 plagae
1097 1165 1192 1230 Brit·

244 1271 398 1350 tanniae3
422 1271 555 1353 etipse
579 1289 656 1333 curn
684 1269 795 1350 magis
819 1269 891 1332 suis
915 1267 959 1330 ad
984 1265 1193 1330 sinistralem

245 1370 384 1452 plagam
413 1371 582 1454 pervenit,
613 1377 649 1433 et
676 1388 786 1451 usque
819 1368 862 1431 ad
899 1368 1086 1449 regionem,
1114 1386 1193 1448 quae

245 1477 389 1535 vocatur
411 1469 622 1547 Guunnessi,
646 1468 794 1550 aufugit,
823 1475 859 1532 et
888 1469 1006 1531 urbem
1027 1467 1087 1543 ibi,
1115 1486 1194 1548 quae
1207 1480 1241 1525 ro

246 1577 390 1633 vocatur
405 1587 468 1634 suo
483 1571 621 1634 nomine
636 1568 719 1633 Cair
733 1568 973 1650 Guorthigirn,
987 1567 1184 1631 aedificavit.
1283 1594 1285 1597 ·

299 1669 317 1752 ξ
342 1670 397 1733 43.
421 1670 561 1733 Interea
586 1669 821 1746 Guorthemir,
836 1669 927 1732 filius
955 1667 1195 1749 Guorthigirn,

248 1788 326 1832 cum
352 1769 526 1851 Hengisto
549 1777 586 1833 et
606 1770 736 1848 Horso,
762 1776 898 1833 etcum
923 1775 1026 1850 gente
1046 1768 1196 1844 illorum,

248 1868 444 1951 petulanter
459 1871 649 1952 pugnabat,
661 1879 696 1935 et
710 1889 768 1934 eos
782 1888 892 1952 usque
905 1869 950 1932 ad
963 1869 1197 1951 supradictam

248 1969 409 2046 insulam,
431 1989 509 2051 quae
533 1978 677 2035 vocatur
692 1971 817 2046 Tenet,
842 1970 987 2052 expulit,
1008 1977 1044 2033 et
1066 1989 1125 2032 eos
1150 1969 1198 2031 ibi
1211 1984 1243 2029 15

249 2070 358 2135 tribus
381 2070 513 2135 vicibus
536 2070 714 2148 conclusit,
735 2071 879 2147 obsedit,
902 2071 1083 2152 percussit,
1105 2089 1199 2134 com-

250 2170 385 2247 minuit,
402 2171 535 2234 terruit.
587 2171 635 2235 Et
647 2172 714 2254 ipsi
727 2171 863 2252 legatos
875 2171 968 2234 ultra
981 2190 1076 2234 mare
1089 2164 1200 2252 usqu'e

249 2270 286 2333 in
314 2270 538 2334 Germaniam
573 2273 865 2348 transmittebant,
897 2270 1053 2335 vocando
1091 2271 1200 2334 ciulas

251 2389 331 2435 cum
362 2371 497 2452 ingenti
525 2391 667 2435 numero
695 2372 900 2434 bellatorum
928 2372 1090 2435 virorum.
1154 2370 1202 2433 Et

252 2477 374 2552 postea
399 2473 604 2553 pugnabant
632 2478 753 2536 contra
780 2491 880 2553 reges
909 2478 1037 2534 nostrae
1064 2471 1178 2553 gentis
1192 2490 1200 2533 :
1213 2485 1248 2531 ao

253 2570 440 2652 aliquando
454 2572 639 2635 vincebant
652 2579 688 2635 et
702 2571 895 2635 dilatabant
910 2572 1074 2635 terminos
1099 2589 1179 2634 suos
1193 2591 1202 2650 ;

253 2670 439 2752 aliquando
454 2672 680 2735 vincebantur
692 2679 727 2735 et
739 2671 1011 2754 expellebantur.

305 2771 323 2853 §
350 2772 405 2835 44.
444 2771 491 2835 Et
529 2770 753 2836 Guorthemir
785 2779 906 2835 contra
939 2771 1017 2835 illos
1057 2777 1206 2854 quatuor

290 2985 432 3036 ³Embries
456 2988 576 3051 Galatia]
602 2988 717 3037 Embries
779 2985 798 3016 ¹¹
829 2988 890 3036 Coir
914 2989 1101 3052 Guortbigirn]
1134 2989 1160 3036 It
1182 2988 1205 3037 is

256 3056 371 3120 Gluetic,
381 3059 433 3118 D.;
449 3059 517 3119 quod
529 3062 568 3108 est
580 3059 718 3121 Britanice,
744 3059 873 3120 supposed
883 3059 938 3108 that
948 3060 999 3108 this
1010 3061 1032 3107 is
1043 3059 1086 3108 the
1097 3059 1205 3120 original

256 3128 363 3176 Embres
380 3127 510 3191 Gulethic,
525 3130 560 3179 D.
574 3144 664 3192 marg,
678 3145 718 3190 o.;
744 3129 773 3179 of
791 3129 833 3177 the
856 3130 934 3178 castle
957 3129 986 3177 of
1000 3129 1205 3190 Gwerthrynion,

258 3198 374 3246 Embreis
390 3197 495 3247 Gleutic
510 3213 575 3261 esse,
593 3201 626 3248 E.
641 3201 674 3248 G.
687 3199 717 3249 L.
743 3199 960 3248 inRadnorshire.
985 3199 1073 3249 Csmd.
1086 3200 1133 3249 col.
1147 3203 1204 3248 586.

257 3268 312 3316 The
339 3268 456 3329 meaning
479 3268 507 3317 ol
531 3269 573 3317 the
601 3284 719 3331 passage,
780 3267 799 3298 ¹¹
816 3264 982 3338 AEdificooit.]
1001 3271 1036 3319 K.
1053 3270 1112 3319 here
1132 3270 1205 3330 adds,

259 3337 344 3387 which
355 3352 463 3400 appears
474 3343 585 3399 corrupt,
596 3340 720 3399 probably
745 3341 771 3387 in
779 3339 821 3387 the
829 3343 936 3403 margin,
945 3341 952 3368 ‘
961 3341 1121 3402 Guasmoric,
1128 3342 1206 3402 J'uxta

259 3408 291 3470 is,
308 3408 363 3456 that
384 3408 417 3456 he
435 3422 490 3456 was
511 3407 619 3470 thought
641 3413 666 3456 to
688 3409 719 3457 be
746 3410 924 3471 Lngubaliam,
946 3412 983 3458 ibi
1006 3411 1141 3459 aedificavit
1164 3425 1207 3458 ur-

260 3479 410 3527 Ambrosius
421 3478 463 3526 the
481 3478 573 3540 Royal,
590 3477 721 3541 leledig
746 3480 811 3541 bem,
835 3495 893 3540 quse
909 3481 1017 3542 Anglice
1034 3481 1206 3531 Palmecastre

260 3549 337 3609 being
348 3548 518 3608 ancientlyan
537 3548 634 3610 epithet
646 3549 720 3610 given
746 3550 858 3600 dicitur.'
893 3552 924 3599 In
936 3552 967 3600 L.
979 3552 1000 3598 it
1014 3549 1037 3598 is
1050 3551 1132 3599 inthe
1143 3556 1206 3601 text.

259 3623 286 3666 to
300 3618 342 3666 the
354 3619 480 3680 Loegrian
494 3619 604 3679 princes,
619 3633 722 3680 expres·
747 3620 938 3683 Walmecastre,
962 3621 1067 3683 Leland,
1090 3619 1155 3670 Coll.
1178 3620 1206 3671 ii.

260 3689 314 3737 sire
331 3687 360 3735 of
369 3703 485 3749 supreme
501 3688 638 3749 authority.
674 3689 722 3737 See
747 3694 788 3740 46.
823 3691 1207 3753 Camden,col.822,mentions

150 3783 192 3800 ·.
260 3758 547 3808 Owen'sWelshDict.
565 3775 589 3809 a.
603 3759 678 3809 Glev.
747 3759 790 3808 the
801 3761 873 3810 ruins
884 3762 938 3812 ofa
949 3762 1027 3812 eastle
1044 3762 1127 3810 called
1139 3764 1208 3824 Pap·

296 3825 465 3877 ¹Rooarm'cae
491 3827 596 3892 gentis]
631 3829 723 3877 Roma·
749 3828 844 3892 Castle,
872 3847 933 3881 near
961 3832 1155 3893 Cockermouth,
1182 3834 1209 3879 in

258 3912 360 3959 norum,
372 3913 395 3948 a.
749 3901 929 3964 Cumberland,
945 3902 1030 3952 which
1041 3901 1073 3949 he
1085 3915 1210 3962 supposes

298 3965 319 3997 ¹⁰
337 3969 498 4032 Consuesse]
524 3969 648 4031 Guenesi,
671 3969 722 4029 E.;
748 3986 807 4031 may
823 3973 933 4033 perhaps
949 3975 981 4022 be
997 3972 1039 4020 the
1059 3971 1211 4021 Guasmoric

262 4037 402 4099 Guennesi,
423 4041 475 4100 K.;
492 4039 615 4101 Gueneri,
637 4055 660 4089 o.
684 4038 723 4099 b.;
749 4041 808 4089 here
820 4043 917 4102 spoken
928 4044 962 4091 of.

262 4107 722 4172 Genness,b.;probablyGwynedh,
784 4107 805 4140 ²⁰
832 4112 914 4174 Reges
936 4111 1046 4174 nostra]
1082 4111 1165 4174 Reges
1188 4115 1214 4160 et

260 4177 304 4226 the
316 4179 412 4228 British
424 4195 496 4228 name
507 4179 546 4228 lor
558 4181 594 4230 N.
607 4178 701 4229 Wales.
749 4181 876 4242 principes
888 4184 1051 4244 Britannica,
1067 4197 1090 4231 a.
