2902 4874
564 414 733 463 nueronn
754 414 904 463 rannro.
1158 400 1202 463 53

251 570 342 646 trali,
379 570 413 632 id
442 576 507 646 est,
536 570 578 633 de
611 571 751 651 regione
784 589 862 652 quae
889 575 1034 633 vocatur
1065 568 1197 634 Manau

251 669 439 747 Guotodin,
464 676 601 733 centum
628 669 859 751 quadraginta
886 688 949 732 sex
973 669 1073 732 annis
1097 677 1195 734 ante-

249 789 352 851 quam
377 769 533 834 Mailcun
557 776 729 850 regnaret,
751 776 787 832 et
809 768 947 832 Scottus
969 787 1046 832 cum
1073 768 1194 850 ingen·

248 870 382 933 tissima
404 868 501 933 clade
525 869 731 952 expulerunt
754 869 896 932 abistis
919 869 1129 950 regionibus,
1158 879 1194 936 et
1239 890 1243 898 ·

219 988 234 1032 t
249 989 417 1052 nusquam
440 970 568 1034 reversi
589 977 672 1034 sunt
685 971 809 1033 iterum
824 969 868 1032 ad
883 969 1119 1033 habitandum.

298 1070 395 1153 §63.
429 1067 534 1133 Adda
562 1070 652 1133 filius
681 1068 747 1134 Ida
775 1070 933 1150 regnavit
960 1069 1061 1135 annis
1093 1076 1319 1154 oct031rv0nsn

246 1168 386 1234 Aedlric
426 1170 518 1233 filius
558 1168 670 1234 Adda'
701 1170 861 1252 regnavit
895 1176 1046 1251 quatuor
1079 1172 1191 1236 annis.
1204 1140 1322 1230 dri-3¹¹⁰&

247 1271 373 1334 Deoric
388 1271 480 1334 filius
503 1269 569 1356 Ida
592 1270 751 1351 regnavit
772 1276 904 1351 septem
927 1271 1038 1333 annis.
1092 1271 1190 1334 Frio·

245 1370 408 1452 dolguald
432 1371 591 1453 regnavit
604 1385 666 1435 sex
687 1369 797 1434 annis.
851 1369 895 1432 In
917 1368 1016 1452 cujus
1038 1376 1192 1452 tempore

200 1471 389 1552 teregnum
418 1470 632 1548 cantiorum,
660 1470 819 1534 mittente
849 1467 1030 1549 Gregorio,
1059 1470 1190 1551 baptis·

245 1591 337 1634 mum
357 1572 519 1654 suscepit.
579 1570 701 1634 Hussa
730 1568 891 1651 regnavit
918 1570 1018 1632 annis
1045 1577 1188 1651 septem,

243 1679 365 1736 contra
391 1671 488 1735 illum
517 1678 667 1753 quatuor
691 1689 801 1752 reges,
825 1669 981 1750 Urbgen,
1003 1675 1039 1732 et
1063 1669 1188 1734 Rider·

243 1772 366 1850 chhen,
395 1779 430 1836 et
457 1770 641 1848 Guallanc,
677 1777 713 1833 et
742 1769 905 1833 Morcant
928 1768 1187 1837 dimicaverunt.

244 1872 393 1936 Deodric
408 1872 529 1936 contra
542 1871 640 1934 illum
656 1871 799 1951 Urbgen
814 1888 892 1932 cum
906 1869 986 1932 filiis
1005 1869 1190 1936 dimicabat

198 1983 228 2030 15
241 1971 385 2036 sortiter.
438 1972 482 2035 In
490 1971 550 2034 illo
564 1978 679 2034 autem
692 1978 846 2052 tempore
860 1968 1047 2050 aliquando
1060 1969 1189 2049 hostes,

242 2092 333 2135 nunc
358 2073 464 2149 cives,
491 2071 737 2151 vincebantur3
770 2077 805 2133 et
833 2070 907 2151 ipse
935 2069 1105 2133 conclusit
1128 2091 1188 2135 eos

241 2172 350 2235 tribus
363 2173 482 2236 diebus
494 2175 529 2235 et
540 2171 650 2235 tribus
666 2170 824 2234 noctibus
835 2170 872 2233 in
885 2168 1000 2234 insula
1010 2168 1187 2249 Metcaud,

241 2278 276 2334 et
288 2271 368 2335 dum
380 2279 455 2336 erat
462 2271 726 2354 inexpeditione
734 2269 917 2354 jugulatus
927 2276 991 2346 est,
1003 2269 1186 2340 Morcanto

240 2371 530 2455 destinante'pro
550 2371 692 2448 invidia,
718 2370 801 2453 quia
822 2370 858 2432 iu
880 2369 956 2451 ipso
979 2388 1052 2452 pree
1077 2371 1186 2457 omni-

194 2487 227 2534 ao
239 2474 303 2536 bus
318 2475 455 2556 regibus
469 2474 580 2537 virtus
594 2473 747 2535 maxima
761 2477 836 2534 erat
851 2469 919 2551 [in]
934 2469 1186 2535 instauratione

238 2574 329 2638 belli.
367 2573 536 2637 Eadfered
548 2573 710 2637 Flesaurs
723 2570 882 2652 regnavit
896 2569 1074 2633 duodecim
1083 2571 1184 2635 annis

238 2673 273 2736 in
296 2674 465 2738 Berneich
489 2682 524 2737 et
546 2674 633 2737 alios
657 2671 836 2735 duodecim
860 2669 897 2732 in
922 2670 1031 2746 Deur,
1059 2669 1184 2751 viginti

238 2780 386 2856 quatuor
401 2774 501 2837 annis
520 2772 696 2837 interduo
718 2790 827 2852 regna
840 2769 1011 2852 regnavit,
1034 2777 1069 2833 et
1090 2770 1185 2839 dedit

238 2876 339 2938 uxori
361 2894 434 2939 suae
457 2874 696 2955 Dinguoaroy,
712 2891 790 2953 quae
805 2878 950 2935 vocatur
972 2869 1126 2948 Bebbab,
1148 2877 1184 2938 et

192 2986 223 3031 25
237 2972 280 3037 de
305 2976 442 3038 nominc
464 2993 536 3038 suae
561 2973 683 3036 uxoris
711 2971 864 3053 suscepit
893 2991 1031 3049 nomen,
1057 2970 1092 3033 id
1118 2975 1183 3047 est,

238 3072 499 3139 Bebbanburch.
551 3073 689 3155 Eoguin
704 3072 795 3136 filius
810 3069 883 3135 Alli
902 3069 1062 3153 regnavit
1083 3071 1184 3133 annis

236 3173 353 3238 decem
382 3183 418 3239 et
446 3182 589 3257 septem,
620 3181 656 3237 et
683 3173 757 3255 ipsc
786 3172 969 3254 occupavit
1002 3170 1117 3234 Elmet
1149 3177 1184 3234 et

236 3271 370 3356 expulit
400 3274 526 3352 Certic,
557 3295 674 3357 regem
701 3272 794 3336 illius
822 3271 984 3354 regionis.
1037 3267 1183 3341 Eanfled

236 3371 307 3437 filia
330 3375 422 3438 illius
440 3375 640 3439 duodecimo
663 3375 719 3438 die
741 3379 821 3454 post
843 3371 1073 3435 Pentecosten
1099 3372 1182 3453 bap·

191 3473 375 3539 sotismum
414 3475 547 3558 accepit
578 3495 655 3538 cum
684 3472 854 3536 universis
883 3471 1078 3535 hominibus
1110 3471 1182 3534 suis

236 3575 278 3639 de
306 3577 390 3640 viris
419 3583 454 3640 et
483 3575 681 3639 mulieribus
704 3590 855 3635 cumea.
908 3569 1068 3650 Eadguin
1098 3590 1181 3634 vero

233 3675 270 3738 in
293 3675 450 3759 sequenti
475 3675 606 3758 pascha
628 3673 835 3756 baptismum
855 3669 1018 3751 suscepit,
1041 3675 1077 3732 et
1095 3669 1181 3733 duo-

269 3875 289 3908 ¹²
302 3879 395 3942 Illam]
414 3878 485 3940 Illos,
498 3877 579 3928 MSS.
717 3873 788 3923 iered
806 3875 921 3937 Flesaur,
938 3874 972 3922 Β.
994 3874 1041 3933 C.;
1068 3869 1183 3922 Ealdfret

269 3970 288 4002 Μ
301 3972 456 4039 ωΜιῆε“]
476 3973 531 4021 om'
544 3971 576 4021 Ε
720 3944 881 4076 ἯἭζωΡῇ
898 4012 1011 4062 Eduuini
1034 4012 1057 4061 G

270 4062 288 4094 ¹⁷
307 4065 443 4128 Meteonem]
468 4065 601 4125 Medeam,
616 4062 651 4110 Β.
665 4062 695 4109 C·
755 4080 774 4113 ³1
790 4049 918 4143 Cuma]
945 4047 1021 4132 Μ’
1030 4047 1070 4144 ea,
1084 4087 1110 4131 et
1126 4080 1182 4131 ΜΟ

722 4152 804 4213 prima
824 4155 953 4215 baptizata
974 4158 1029 4215 θεῖς
1057 4151 1183 4202 Edwinus

235 4137 267 4186 F.

268 4220 285 4250 ²¹
305 4221 427 4282 Eodsmd
450 4215 589 4287 Flamma]
620 4217 698 4268 Eadl·
724 4238 793 4287 vero,
806 4225 840 4274 K.
