2902 4874
466 1043 854 1129 PROLOGUS.

233 1600 306 1683 §L
341 1599 508 1666 Humrnrs
537 1621 714 1668 servorum
744 1602 874 1667 Christi
911 1602 1067 1665 minister
1099 1607 1133 1664 ct
1149 1625 1254 1674 nennius,

180 1735 301 1781 servus
318 1718 502 1794 Names,
528 1720 595 1784 Dei
616 1721 730 1802 gratia
752 1720 864 1785 sancti
889 1720 1005 1784 Elboti
1030 1719 1133 1783 disci-

180 1834 295 1916 pulus,
309 1837 442 1900 cunctis
457 1837 613 1902 veritatis
627 1838 899 1914 obauditoribuS,
913 1837 1072 1900 salutem.

153 2028 168 2071 ⁵
216 1950 354 2017 Vestrae
368 1954 414 2017 sit
427 1962 548 2018 notum
563 1955 712 2032 caritati,
728 1955 820 2038 quod
836 1974 915 2018 cum
929 1954 1024 2018 rudis
1039 1972 1134 2016 eram

181 2069 320 2151 ingenio
339 2077 374 2134 et
392 2070 501 2135 idiota
518 2090 688 2149 sermone,
708 2072 782 2136 haec
800 2092 864 2154 pro
884 2070 1022 2135 modulo
1046 2090 1135 2147 meo,

181 2206 251 2250 non
275 2188 423 2270 propriae
447 2188 561 2252 nitens
585 2190 751 2267 scientiae,
774 2208 852 2272 quae
877 2189 934 2253 vel
957 2187 1053 2251 nulla
1079 2187 1134 2253 vel

181 2304 364 2369 admodum
387 2325 466 2369 rara
489 2314 525 2369 ct
550 2306 650 2370 exilis
674 2313 738 2383 est,
764 2306 968 2370 Latinorum
992 2305 1133 2368 auribus

180 2420 448 2486 idiomatizando
483 2422 619 2486 tradere
652 2423 853 2505 praesumsi3
903 2421 963 2486 sed
1007 2421 1133 2504 partim
1145 2444 1186 2484 aa
1195 2456 1279 2485 amca

1146 2496 1169 2536 ol
1175 2496 1275 2536 informa·

136 2614 169 2661 1⁰
182 2538 351 2622 majorum
387 2539 641 2617 traditionibus
671 2541 797 2622 partim
828 2539 977 2621 scriptia,
1007 2539 1134 2621 partim
1145 2546 1197 2593 tion·

182 2656 286 2720 etiam
301 2657 531 2720 monumentis
542 2665 696 2721 veterum
712 2656 920 2720 Brittanniae
933 2654 1135 2731 incolarum,

183 2774 309 2856 partim
334 2781 369 2838 et
393 2773 436 2837 de
458 2773 641 2838 annalibus
665 2772 915 2849 Romanorum,
937 2772 1078 2854 insuper
1100 2779 1135 2835 et

183 2890 226 2955 dc
250 2889 418 2955 chronicis
441 2897 641 2954 sanctorum
665 2888 823 2968 Patrum,
840 2889 966 2954 Isidori
990 2889 1134 2966 scilicet,

184 3006 403 3091 Hieronymi,
418 3007 594 3090 Prosperi,
610 3008 762 3084 Eusebii,
778 3027 841 3071 nec
864 3027 934 3070 non
949 3006 1041 3070 etde
1064 3007 1134 3070 his-

183 3126 281 3189 toriis
304 3124 501 3189 Scottorum
526 3124 784 3207 Saxonumque,
806 3123 886 3188 licet
907 3123 1135 3200 inimicorum,

183 3261 254 3306 non
272 3249 313 3306 ut
327 3241 433 3319 volui,
454 3241 515 3306 sed
537 3249 577 3306 ut
600 3241 710 3324 potui,
725 3261 878 3305 meorum
894 3241 1133 3321 obtemperans

177 3358 393 3443 jussionibus
416 3358 600 3434 seniorum,
614 3378 720 3422 unam
738 3357 827 3421 hanc
849 3355 1133 3420 historiunculam

182 3474 421 3558 undecumque
434 3474 613 3539 collectam
632 3474 854 3539 balbutiendo
870 3472 1083 3547 coacervavi,
1098 3478 1134 3534 et

182 3600 400 3657 remanentes
409 3592 522 3674 spicas
532 3589 1134 3673 actuumpraeteritorum,nepenitus

138 3204 169 3260 la

429 3825 516 3874 Norcs
532 3838 584 3873 rao
600 3825 716 3873 Vlarous
732 3824 872 3875 Rarumcs.

215 3933 376 4000 mutuata]
411 3936 481 3985 Here
505 3949 647 3984 commence
673 3933 715 3982 the
733 3934 823 3983 reader
835 3935 858 3983 is
875 3933 986 3982 referred
1000 3938 1025 3982 to
1038 3932 1081 3981 the
1093 3933 1135 3981 In·

183 4006 481 4057 themanorum.
518 4006 568 4053 For
579 4019 647 4054 some
672 4004 822 4054 troduction.

184 4079 356 4127 observatione
371 4093 441 4140 upon
457 4076 509 4125 this
521 4075 647 4137 Prologue
707 4072 835 4137 mitat]
853 4074 947 4135 Elvoti,
955 4075 993 4122 M.

184 4146 531 4210 andthe‘Apologia’which
540 4146 648 4208 follows,
