2902 4874
535 362 705 412 rucronn
728 361 880 411 annaio.
1140 347 1183 410 47

168 575 171 580 .
231 522 329 587 miles
341 521 482 588 suerunt
495 528 612 598 aetate,
625 527 763 585 centum
778 519 902 601 viginti
917 519 1038 598 annis3
1059 526 1184 601 quarto

232 623 345 700 modo,
359 622 580 705 sepulchrum
600 622 693 684 illius
712 641 812 685 nemo
827 621 905 697 scit,
920 621 980 684 sed
997 619 1032 682 in
1048 621 1184 684 occulto

232 723 395 786 humatus
405 730 471 800 est,
486 723 622 786 nemine
636 722 778 786 sciente.
816 721 1021 799 Quindecim
1032 720 1133 784 annis
1147 721 1184 783 in

233 823 449 905 captivitate,
466 823 504 887 in
517 821 816 904 vicesimoquinto
838 841 931 885 anno
952 822 997 885 ab
1010 818 1184 884 Amatheo

203 930 354 990 esancto
376 924 539 1006 episcopo
564 923 784 1003 subrogatur,
806 921 1001 1002 octinginta
1023 928 1058 984 et
1082 921 1186 1002 qnin-

234 1043 301 1105 que
324 1041 435 1087 annos
458 1023 496 1086 in
516 1022 686 1086 Hibernia
709 1021 923 1105 praedicavit.
975 1021 1047 1084 Res
1067 1028 1183 1084 autem

233 1124 397 1205 exigebat
419 1123 567 1206 amplius
592 1123 688 1203 loqui
711 1123 754 1186 de
779 1121 907 1186 Sancto
935 1120 1100 1198 Patricio,
1123 1120 1183 1184 sed

233 1230 350 1287 tamen
366 1242 428 1306 pro
442 1222 646 1305 compendio
661 1223 828 1286 sermonis
842 1221 937 1286 volui
950 1222 1118 1285 breviare.

286 1323 304 1406 ξ
318 1323 372 1388 56.
397 1323 442 1386 In
455 1323 515 1386 illo
529 1330 682 1405 tempore
705 1322 862 1386 Saxones
875 1322 1135 1385 invalescebant
1148 1320 1184 1384 in
1197 1339 1337 1432 masth

190 1441 222 1486 ro
235 1423 466 1500 multitudine,
489 1430 525 1487 et
542 1424 743 1487 crescebant
757 1422 794 1485 in
808 1423 1003 1486 Britannia.
1044 1421 1185 1485 Mortuo
1198 1443 1235 1483 aa
1244 1443 1332 1482 saxoni.

235 1530 350 1587 autem
381 1523 569 1604 Hengisto,
594 1523 709 1587 Octha
737 1522 811 1606 ejus
840 1523 931 1585 filius
960 1522 1122 1585 transivit
1143 1522 1186 1584 de

234 1623 402 1688 sinistrali
415 1630 514 1706 parte
530 1624 738 1688 Brittanniae
754 1623 798 1686 ad
813 1641 957 1704 regnum
972 1621 1188 1698 Cantiorum,
1255 1696 1261 1706 ,

235 1730 271 1786 et
284 1724 326 1787 de
339 1725 416 1806 ipso
440 1724 508 1788 orti
525 1731 608 1789 sunt
621 1742 720 1805 reges
736 1721 951 1787 cantiorum.
1003 1722 1103 1786 Tunc
1118 1720 1189 1785 Ar·

194 1945 200 1953 ’
271 1945 471 2011 ²Sepulchram.]
488 1947 696 2009 Concemingthe
725 1946 776 1995 Sed
783 1946 825 1994 hie
836 1947 946 1997 attende.
964 1948 1069 2009 Moyses
1080 1949 1191 2008 quadra·

236 2019 309 2080 place
319 2019 348 2067 01
356 2019 485 2067 Patrick’s
496 2019 589 2079 burial,
601 2033 643 2066 see
655 2018 697 2066 the
725 2018 844 2078 genarius
858 2018 907 2066 fuit
918 2019 1019 2079 quando
1035 2019 1067 2066 de
1079 2019 1189 2080 AEgypto

237 2083 358 2150 passages
371 2088 464 2149 quoted
482 2088 517 2149 by
529 2088 628 2151 Usher,¹
641 2089 698 2136 Pri·
725 2087 804 2135 exivit
815 2087 841 2135 in
852 2087 948 2150 fugam,
965 2093 990 2137 et
1006 2088 1039 2136 ad
1051 2089 1188 2150 AEgyptum

237 2159 316 2207 mord.
328 2174 372 2220 pp.
385 2162 443 2220 887,
454 2162 511 2207 888.
725 2162 827 2217 propter
837 2158 944 2219 populos
952 2158 1003 2206 Dei
1011 2159 1104 2205 missus
1114 2159 1190 2206 rediit

273 2228 283 2258 ³
296 2228 462 2290 0010100100]
480 2227 605 2288 Sedecim,
616 2243 639 2276 a.
726 2231 783 2288 post
793 2232 826 2275 40
838 2241 931 2287 ann0s;
948 2233 974 2276 et
991 2229 1045 2290 ipse
1060 2229 1189 2276 Patricius

273 2294 335 2346 ⁴Ae
347 2334 354 2346 .
366 2333 373 2347 .
387 2333 394 2347 .
406 2298 535 2360 episcopa]
552 2299 582 2345 A*
597 2297 702 2345 Matheo
725 2297 941 2359 quadragenarius
963 2305 1017 2345 erat
1038 2298 1139 2358 quando
1158 2299 1189 2346 de

238 2381 298 2428 rege
309 2368 454 2429 episcopus,
465 2383 489 2417 0.
727 2367 852 2416 Hibernia
863 2368 889 2415 in
900 2366 987 2428 fugam
998 2368 1086 2426 exivit,
1099 2372 1124 2415 et
1134 2373 1192 2429 post

282 2435 293 2466 ⁶
320 2437 497 2500 Proedicanit.]
526 2436 611 2485 Usher
642 2437 701 2486 here
727 2441 759 2484 40
771 2451 849 2486 annos
860 2439 953 2486 missus
964 2437 998 2486 ad
1009 2439 1130 2499 populum
1140 2438 1191 2487 Dei

238 2511 328 2568 quotes
339 2523 355 2556 a
366 2507 477 2556 scholion
491 2521 561 2566 upon
578 2508 629 2555 this
645 2522 701 2568 pas·
727 2507 904 2567 excipiendum
916 2508 948 2555 de
958 2522 1034 2555 manu
1043 2508 1145 2556 Diaboli
1157 2508 1191 2557 ad

240 2592 311 2640 sege,
327 2577 412 2626 which
431 2578 454 2626 is
470 2580 495 2624 to
514 2576 556 2624 the
573 2577 703 2639 following
729 2577 878 2625 Hiberniam
886 2578 970 2627 rediit.
993 2579 1192 2639 Etuterqueper

239 2647 320 2696 effect.
363 2647 442 2706 ‘Hic,
463 2651 492 2694 ut
514 2647 575 2695 mihi
593 2648 703 2708 videtur,
728 2651 760 2695 40
778 2643 1193 2715 000001110101110[0101110]0100ὁ

239 2718 388 2766 contradicit
405 2718 505 2765 sibimet
514 2717 580 2778 ipsi3
597 2717 643 2765 sed
658 2718 704 2766 ali-
729 2717 863 2766 dicationis
886 2723 1041 2780 manserunt,
1067 2725 1093 2767 et
1115 2719 1192 2766 simili

238 2791 278 2835 ter
299 2788 443 2836 audivimus
465 2792 491 2835 et
513 2788 608 2848 scripta
633 2801 705 2848 repe·
729 2787 786 2848 fine,
799 2793 824 2836 et
830 2789 929 2850 jejunio
940 2804 989 2836 non
1000 2788 1138 2838 dissimili!

240 2858 327 2907 rimus.
386 2856 612 2918 Quadragsnarius
651 2862 705 2906 erat
763 2854 933 2927 ⁸Breoiare.]
963 2859 1031 2908 ‘Hic
1053 2860 1193 2922 expliciunt

240 2927 341 2987 quando
358 2927 391 2975 de
410 2928 557 2988 captivitate
572 2928 660 2988 exivit,
679 2932 705 2976 et
730 2925 811 2976 Gesta
822 2928 953 2978 Britonum
965 2929 1067 2979 aGilda
1078 2930 1192 2991 sapiente

239 3010 286 3057 per
297 3001 329 3046 40
340 3011 419 3046 annos
435 2997 526 3045 didicit
542 3002 569 3045 et
578 2997 636 3046 Deo
653 3012 705 3046 ser·
729 2999 885 3060 composita‚'
893 3001 1026 3062 Maranga
1037 3002 1122 3050 aalso
1130 2999 1192 3048 ends

240 3067 313 3130 vivit,
329 3071 356 3115 et
373 3071 405 3115 40
423 3067 582 3127 praedicavit.
617 3068 649 3115 In
665 3068 705 3117 his
729 3067 799 3129 here,
816 3069 879 3117 vvith
901 3071 943 3118 the
965 3070 1097 3133 colophon,
1120 3071 1193 3118 ‘Ex-

240 3137 321 3185 tribus
354 3137 562 3199 quadragenariis
597 3139 706 3188 maxime
730 3139 802 3198 plicit
812 3139 844 3188 de
856 3140 882 3189 S.
891 3140 1004 3188 Patricio
1015 3140 1152 3201 episcopo!

242 3207 370 3255 Patricius
390 3212 507 3268 aequatur
528 3209 631 3269 Moysi;
648 3223 705 3257 nam
764 3206 818 3256 ο10
836 3209 879 3257 illo
897 3205 1022 3277 tempora]
1043 3211 1074 3258 In
1091 3226 1115 3260 a.
1143 3210 1194 3259 this

241 3278 309 3326 sicut
326 3277 431 3338 Moyses
451 3278 501 3326 fuit
523 3282 555 3326 40
578 3292 657 3326 annos
680 3280 707 3327 in
730 3292 838 3340 passage
848 3280 871 3328 is
882 3280 993 3339 prefixed
1007 3285 1033 3328 to
1043 3280 1086 3329 the
1097 3281 1194 3341 history

242 3347 315 3395 domo
331 3346 482 3410 Pharaonis,
497 3349 565 3396 sieut
579 3350 609 3396 in
627 3349 707 3408 capti·
730 3347 881 3397 of‘Patriek.

242 3418 329 3478 vitate,
348 3421 374 3465 et
391 3421 424 3465 40
441 3419 468 3466 in
486 3419 577 3467 exsilio
596 3418 623 3466 in
640 3422 707 3467 terra
767 3414 786 3444 ¹³
807 3415 969 3477 Contionem]
994 3418 1194 3467 Cantwariorum

243 3485 359 3548 Madian,
376 3490 402 3534 et
426 3491 459 3536 40
480 3488 506 3534 in
527 3487 707 3549 praedicatione
731 3499 812 3547 usque
834 3487 860 3534 in
882 3487 1030 3535 hodiemnm
1060 3488 1137 3549 diem,
1159 3503 1194 3548 0.,

243 3560 269 3604 et
285 3557 311 3603 in
329 3557 424 3605 ducatu
441 3557 708 3620 populi‚-itaPatri·
730 3556 815 3605 where
837 3557 879 3605 the
902 3572 970 3605 error
994 3558 1023 3606 01
1044 3558 1196 3619 ‘Cantpari-

243 3626 299 3675 cius
311 3627 326 3658 ¹
334 3627 371 3658 *⁸
384 3631 417 3676 40
428 3627 454 3675 in
468 3629 559 3677 exsilio
571 3630 637 3677 inter
645 3628 708 3678 Gal-
731 3627 811 3674 orum'
824 3626 862 3676 lor
872 3628 881 3654 ‘
890 3627 1099 3676 Cantwariorum'
1110 3627 1195 3676 shows

242 3695 290 3758 los,
309 3701 334 3744 et
352 3701 384 3745 40
407 3697 569 3758 praedicando
591 3704 617 3747 et
633 3699 708 3746 mira·
731 3697 786 3746 that
797 3698 838 3746 the
850 3698 931 3746 scribe
948 3698 999 3746 had
1010 3697 1094 3747 before
1110 3698 1162 3746 him
1179 3712 1195 3745 a

243 3767 303 3815 cula
329 3767 444 3815 faciendo
466 3773 544 3829 atque
568 3768 707 3818 resistendo
732 3767 922 3817 MS.inwhich
938 3767 981 3816 the
997 3767 1196 3817 Saxoncharac·

244 3835 350 3898 Loigere
361 3837 415 3898 regi
429 3843 455 3886 et
471 3839 553 3900 magis
564 3840 620 3900 ejus
631 3838 709 3904 (sicut
732 3842 770 3885 ter
780 3838 819 3885 sor
830 3854 852 3885 w
863 3852 917 3886 was
929 3839 1073 3898 preserved.
1102 3839 1127 3886 It
1137 3853 1197 3898 may

244 3905 349 3967 Moyses
360 3907 490 3955 Pharaoni
508 3913 534 3956 et
544 3910 601 3970 ejus
616 3904 708 3972 magis)
733 3908 764 3954 be
780 3906 889 3956 inferred
908 3908 962 3956 that
978 3909 1052 3958 when
1070 3909 1120 3957 this
1139 3922 1198 3970 pas-

243 3976 350 4026 viriliter
360 3982 386 4025 et
396 3977 521 4027 indefesse
531 3979 589 4027 Deo
597 3979 708 4028 servivit.
733 3991 795 4040 sege
812 3978 839 4024 in
862 3978 905 4026 the
927 3980 1083 4040 manuscript
1100 3994 1123 4027 a.
1143 3993 1198 4027 was

244 4046 312 4095 Nam
324 4047 387 4096 hene
398 4052 481 4108 potest
488 4049 541 4096 fieri
549 4049 621 4097 illum
629 4049 709 4097 fuisse
733 4048 843 4110 written,
854 4048 923 4096 Kent
933 4049 1061 4098 remained
1078 4064 1110 4098 an
1129 4048 1199 4097 inde-

243 4117 269 4165 in
287 4119 433 4179 captivitate
455 4133 501 4178 per
523 4123 554 4167 le
581 4133 658 4167 annos
685 4124 711 4180 et
734 4118 986 4180 psndentkingdom.

243 4188 474 4251 quadragenarium
482 4203 612 4250 egressum
621 4188 709 4238 fuisse.
773 4186 792 4218 ¹³
804 4183 894 4256 Tana]
912 4190 983 4238 Tune
994 4189 1109 4250 belliger,
1121 4204 1144 4238 α.
