2902 4874
248 389 304 454 58·
524 401 698 452 n1sron1a
721 401 925 462 narronun,

249 560 392 625 orientis
406 567 440 623 et
459 560 634 624 deducunt
655 561 767 642 pisces
791 580 836 623 ex
852 579 894 623 ea
907 566 1016 642 parte.
1069 556 1142 621 Alii
1155 558 1201 620 ad

249 662 419 737 dextram,
435 661 494 723 alii
516 660 560 724 ad
583 661 769 736 sinistram,
786 660 830 724 ad
849 658 1141 740 occidentemque,
1164 666 1201 722 et

249 761 393 825 trahunt
417 761 529 843 pisces
555 762 598 824 ab
624 779 831 842 unaquaque
856 767 967 842 parte.
1029 758 1076 822 Et
1106 757 1200 821 aliud

250 880 360 944 genus
391 861 537 942 piscium
573 860 724 925 trahitur
756 880 801 924 ex
837 860 995 924 omnibus
1030 858 1198 940 partibus

251 961 421 1042 Magnum
443 961 599 1025 mirabile
616 961 727 1042 pisces
749 958 908 1037 insonte,
935 960 1016 1023 dum
1042 978 1112 1022 non
1135 958 1199 1021 tlu-
1230 977 1245 1022 s

250 1080 329 1124 men
344 1061 421 1124 fluit
438 1060 474 1122 in
490 1080 544 1139 eo,
558 1080 670 1143 neque
685 1081 730 1125 cx
752 1079 813 1141 eo;
845 1068 881 1124 et
901 1061 936 1123 in
956 1078 997 1123 eo
1017 1058 1200 1122 inveniun-

250 1167 309 1225 tur
324 1168 473 1242 quatuor
487 1180 615 1242 genera
629 1158 787 1242 piscium,
802 1167 838 1224 et
855 1180 926 1224 non
941 1165 995 1222 est
1008 1158 1051 1222 de
1065 1159 1199 1239 magni-

250 1261 370 1326 tudine
384 1279 495 1342 neque
510 1260 552 1349 de
572 1260 817 1343 profunditate.
869 1258 1096 1323 Profunditas
1108 1257 1200 1320 illius

250 1361 418 1444 usquead
433 1380 559 1442 genua,
570 1361 695 1442 viginti
716 1360 821 1443 pedes
836 1360 969 1424 suntin
983 1357 1199 1440 longitudine

251 1469 287 1526 et
311 1461 507 1539 latitudine,
531 1461 625 1543 ripas
652 1462 742 1526 altas
765 1460 871 1524 habet
896 1480 942 1524 ex
968 1459 1061 1523 omni
1089 1465 1199 1539 parte.
1215 1472 1247 1517 lo

251 1561 365 1626 Juxta
378 1561 518 1638 flumen,
532 1559 626 1644 quod
643 1568 788 1626 vocatur
804 1559 920 1643 Guoy,
942 1578 1046 1642 poma
1066 1559 1200 1622 inveni·

251 1669 358 1727 untur
382 1681 487 1744 super
507 1661 684 1726 fraxinum
703 1661 741 1725 in
762 1661 916 1743 proclivo
931 1660 1042 1723 saltus
1064 1659 1124 1741 qui
1149 1666 1203 1723 est

252 1781 359 1844 prope
375 1763 464 1826 ostio
478 1761 640 1826 fluminis,

304 1862 369 1925 Est
390 1861 484 1925 aliud
505 1861 709 1924 miraculum
731 1861 768 1924 in
791 1861 932 1941 regione
951 1878 1031 1941 quae
1056 1865 1203 1924 vocatur

253 1959 383 2028 Guent.
424 1961 489 2025 Est
503 1961 551 2025 ibi
561 1960 673 2038 screa,
688 1980 710 2024 a
725 1979 795 2042 qua
808 1967 933 2024 ventus
948 1959 1011 2023 flat
1026 1979 1087 2042 per
1102 1979 1202 2023 omne
1217 1979 1247 2025 rs

253 2069 389 2143 tempus
416 2061 489 2125 sine
517 2061 792 2140 intermissione;
822 2068 858 2125 et
881 2060 1019 2141 quando
1045 2079 1116 2123 non
1138 2059 1202 2124 flat

255 2169 377 2226 ventus
390 2162 590 2244 intempore
601 2158 978 2238 aestatiS,deillafovca
990 2160 1204 2223 incessanter

253 2261 326 2339 flat,
340 2269 381 2326 ut
398 2281 499 2325 nemo
522 2263 634 2344 possit
658 2263 841 2339 sustinere,
860 2279 972 2343 neque
997 2267 1078 2323 aute
1093 2259 1203 2324 foveae

253 2360 534 2444 profunditatem.
595 2362 642 2426 Et
671 2369 816 2427 vocatur
846 2379 969 2424 nomen
999 2359 1074 2442 ejus
1103 2359 1202 2423 With

255 2460 366 2525 Guint
381 2461 599 2527 Brittannico
613 2481 781 2539 sermone,
806 2461 929 2524 Latine
952 2467 1068 2524 autem
1086 2459 1201 2523 Flatio
1216 2480 1250 2525 ao

254 2562 361 2628 venti.
396 2561 565 2643 Magnum
581 2561 737 2625 mirabile
749 2569 803 2625 est
812 2568 937 2626 ventus
946 2560 990 2624 dc
1001 2569 1095 2624 terra
1106 2559 1202 2624 flare.

306 2661 394 2745 §7L
419 2662 484 2726 Est
502 2662 596 2727 aliud
619 2662 833 2726 miraculum.
888 2661 933 2724 In
953 2658 1077 2742 Guhyr
1095 2661 1205 2724 altare

255 2763 357 2826 estin
371 2762 460 2839 loco,
481 2763 541 2844 qui
558 2762 683 2825 dicitur
698 2760 913 2845 Loyngarth,
928 2760 1020 2841 quod
1035 2767 1123 2824 nutu
1139 2760 1206 2823 Dei

254 2861 406 2926 fulcitur.
438 2862 705 2926 Historiaistius
716 2861 835 2925 altaris
844 2861 966 2924 melius
976 2860 1058 2924 mihi
1069 2859 1206 2924 videtur

255 2981 397 3025 narrare
421 2981 524 3043 quam
547 2962 701 3026 reticere.
734 2962 885 3026 Factus
910 2968 963 3025 est
985 2968 1101 3024 autem
1123 2961 1206 3023 dum
1218 2977 1250 3023 as

255 3061 404 3132 Sanctus
419 3061 549 3125 Iltutus
563 3063 685 3129 orabat
699 3062 735 3125 in
750 3061 927 3144 spelunca,
942 3080 1020 3143 quae
1036 3067 1089 3124 est
1099 3059 1207 3142 juxta

256 3180 350 3224 mare
364 3161 456 3243 quod
472 3161 572 3240 alluit
585 3169 713 3226 terram
727 3152 916 3244 supradicti
930 3161 1009 3239 loci,
1021 3159 1078 3247 (os
1090 3166 1206 3224 autem

256 3261 429 3343 speluncae
455 3261 500 3325 ad
520 3282 614 3326 mare
632 3258 715 3346 cst,)
731 3269 766 3325 et
781 3263 880 3326 ecce!
904 3262 1004 3325 navis
1017 3261 1207 3342 navigabat

257 3361 353 3424 adse
368 3361 411 3425 de
425 3362 512 3432 mari
527 3370 562 3427 et
584 3363 653 3426 duo
676 3362 741 3426 viri
756 3363 962 3443 navigantes
977 3380 1066 3438 eam,
1082 3368 1117 3424 et
1131 3380 1206 3424 cor-

257 3481 323 3544 pus
337 3462 450 3525 sancti
463 3461 610 3526 hominis
626 3469 701 3526 erat
714 3481 791 3526 cum
806 3462 874 3525 illis
888 3463 924 3525 in
939 3461 1033 3537 navi,
1048 3468 1084 3524 et
1098 3461 1208 3524 altare
1222 3475 1254 3520 ao

258 3582 364 3644 supra
386 3562 508 3626 faciem
529 3562 603 3646 ejus
630 3562 722 3644 quod
741 3569 829 3625 nutu
852 3562 919 3626 Dei
940 3560 1158 3637 fulciebatur,
1173 3567 1209 3624 et

257 3662 425 3744 processit
447 3662 550 3726 homo
569 3662 638 3726 Dei
652 3662 790 3727 obviam
808 3662 889 3739 illis,
910 3668 945 3725 et
959 3679 1083 3743 corpus
1098 3661 1209 3724 sancti

294 3915 313 3948 ¹⁴
325 3920 372 3966 Est
389 3914 480 3988 uliud]
497 3920 559 3969 This
575 3921 678 3973 miracle
697 3922 720 3970 is
781 3917 801 3950 ²2
820 3916 928 3990 Galava]
946 3920 1100 3981 Gubir‚D.;
1117 3919 1210 3981 Guhir,

258 3989 361 4036 omitted
372 3991 398 4037 in
410 3989 445 4038 D.
746 3992 781 4040 D.
796 4006 877 4053 marg.

294 4057 313 4088 ¹⁹
338 4060 409 4107 With
431 4057 531 4118 Galat]
559 4060 720 4122 Hwinguint,
782 4058 803 4090 2³
829 4054 994 4126 Loyrtgartlr.]
1033 4060 1086 4108 'lle
1120 4075 1211 4120 proper

199 4189 202 4194 ,
260 4130 290 4178 E.
302 4145 308 4188 ;
327 4130 490 4192 Hinthguint,
506 4132 535 4179 E.
547 4146 626 4192 marg.
748 4131 809 4179 form
822 4131 850 4178 of
858 4130 1015 4178 thiswordis
1025 4130 1209 4192 llam-garta

720 4220 723 4224 ’
749 4199 901 4262 Lciguarch‚
916 4200 945 4248 Ε.
