2902 4874
543 415 720 464 mucrona
743 415 893 464 sannio.
1148 400 1192 466 33

242 570 334 635 tnrt’
349 578 386 635 at
404 570 471 653 ipsi
493 571 661 637 siluerunt
684 582 719 638 et
741 594 811 638 non
833 578 1019 656 potuerunt
1038 575 1191 641 revelare

241 670 304 735 illi.
353 669 403 734 At
416 671 474 734 ille
488 674 647 750 asseruit,
664 679 674 707 ‘
688 673 732 737 In
746 674 857 738 medio
871 694 989 738 eorum
1003 676 1189 741 tentorium

240 779 307 848 est,
321 779 480 854 separate
494 792 548 849 ea,
564 780 600 837 et
615 773 665 836 sic
681 773 887 838 invenietis'
938 775 985 838 Et
1005 795 1068 838 rex
1088 796 1188 859 sepa·

241 871 310 934 rari
320 871 439 955 jussit,
453 879 489 936 et
510 873 560 936 sic
583 873 762 938 inventum
778 880 832 937 est
846 877 1031 939 tentorium
1047 878 1189 959 eompli-

210 978 368 1049 scatum,
399 972 489 1037 sicut
519 972 667 1038 dixerat.
734 974 782 1037 Et
808 973 933 1039 iterum
960 976 1189 1058 interrogavit

240 1090 372 1153 magos»,
387 1077 397 1106 ‘
413 1071 507 1150 Quid
529 1073 566 1137 in
592 1074 704 1138 medio
727 1075 867 1138 tentorii
889 1083 942 1140 est
966 1076 1070 1139 etiam
1096 1097 1186 1141 nunc

240 1172 421 1249 enarrate:
444 1181 480 1238 et
501 1193 571 1237 non
595 1181 783 1257 potuerrmt
803 1174 901 1238 scire.
952 1173 1004 1239 At
1015 1175 1073 1240 ille
1089 1196 1186 1242 reve-

240 1270 336 1349 lavit,
364 1273 468 1338 ‘Duo
494 1293 628 1338 vermes
656 1275 693 1338 in
722 1294 764 1338 eo
791 1282 884 1351 sunt,
906 1294 996 1338 unus
1025 1277 1123 1341 albus
1152 1287 1187 1341 et

238 1390 327 1435 unus
351 1373 469 1453 rufus3
493 1375 678 1437 tentorium
698 1373 908 1456 expandite!
959 1376 1006 1440 Et
1020 1377 1185 1442 extende-

194 1488 227 1535 ro
239 1482 330 1549 runt,
346 1482 381 1538 et
396 1474 464 1538 duo
479 1493 612 1538 vermes
627 1474 833 1538 dormientes
849 1476 981 1540 inventi
994 1484 1087 1542 sunt.
1140 1478 1187 1542 Et

238 1571 327 1637 dixit
352 1593 448 1656 puer,
464 1574 698 1657 ‘Exspectate
724 1582 760 1638 et
785 1576 999 1641 considerate
1024 1578 1106 1658 quid
1133 1577 1186 1641 sa-

238 1672 330 1737 cient
355 1693 488 1737 vermes
501 1674 522 1753 ;'
537 1682 572 1738 et
585 1682 766 1756 coeperunt
778 1694 912 1739 vermes
934 1683 974 1739 ut
995 1676 1084 1740 alter
1098 1676 1184 1741 alte-

238 1791 314 1836 rum
324 1774 522 1856 expelleret,
534 1775 622 1838 alius
634 1782 749 1838 autem
764 1776 926 1857 scapulas
940 1795 1022 1840 suas
1036 1779 1187 1859 ponebat

238 1879 278 1936 ut
295 1893 372 1936 eum
387 1893 496 1956 usque
519 1875 563 1938 ad
588 1874 764 1938 dimidium
779 1877 919 1939 tentorii
933 1877 1133 1959 expelleret,
1150 1885 1187 1942 et

194 1993 225 2038 15
238 1971 286 2036 sic
306 1973 478 2040 faciebant
500 1976 609 2039 tribus
624 1975 768 2038 vicibus.
821 1975 954 2040 Tamen
977 1979 1115 2042 tandem
1131 1979 1183 2042 in-

237 2072 365 2139 firmior
377 2075 559 2139 videbatur
580 2075 705 2139 vermis
729 2074 838 2152 rusus,
861 2084 896 2140 et
917 2085 1039 2159 postea
1063 2078 1185 2143 fortior

237 2173 315 2238 albo
343 2174 421 2252 fuit,
444 2183 480 2240 et
506 2183 608 2239 extra
633 2175 736 2238 finem
767 2177 906 2241 tentorii
932 2178 1077 2259 expulit,
1102 2187 1184 2244 tunc

235 2272 346 2337 victor
359 2275 506 2339 alterum
521 2284 660 2340 secutus
683 2283 779 2340 trans
800 2283 962 2358 stagnum
977 2285 1041 2353 est,
1058 2286 1093 2342 et
1108 2286 1183 2343 ten-

236 2373 361 2437 torium
375 2376 527 2440 evanuit.
581 2376 629 2439 Et
643 2395 728 2457 puer
741 2375 784 2438 ad
801 2395 922 2458 magos
935 2376 1051 2454 refert,
1066 2382 1077 2413 ‘
1090 2378 1184 2457 Quid

190 2473 407 2556 adsignificat
428 2475 582 2540 mirabile
605 2476 670 2539 hoc
694 2475 843 2556 signum,
857 2476 948 2559 quod
974 2476 1102 2541 sactum
1129 2487 1184 2543 est

235 2573 272 2636 in
296 2576 444 2640 tentorio
456 2576 483 2639 i’
514 2584 550 2640 et
576 2576 626 2639 illi
653 2575 844 2658 proferunt,
860 2581 870 2610 ‘
884 2576 1091 2642 Nescimus⁹
1136 2578 1184 2642 Et

235 2693 320 2756 puer
354 2677 543 2758 respondit,
573 2676 658 2739 ‘En
693 2676 884 2739 revelatum
917 2684 971 2741 est
1000 2678 1083 2741 mihi
1117 2677 1182 2741 hoc

235 2776 446 2856 mysterium,
474 2785 509 2841 et
534 2796 599 2858 ego
628 2776 726 2840 vobis
749 2775 963 2858 propalabo.'
1013 2777 1183 2859 Dixitque

237 2875 322 2956 regi,
362 2875 505 2959 ‘Regni
540 2877 592 2940 tui
632 2876 745 2958 figura
783 2878 968 2940 tentorium
1002 2884 1075 2958 est3
1113 2877 1183 2941 duo

189 2991 223 3039 as
235 2993 367 3040 vermes
389 2976 457 3041 duo
483 2977 651 3040 dracones
675 2983 778 3055 sunt3
807 2977 933 3040 vermis
956 2976 1053 3040 rufus
1079 2977 1182 3040 draco

234 3078 314 3138 tuus
345 3084 409 3154 est,
437 3083 473 3140 et
502 3085 665 3159 stagnum
694 3075 807 3157 figura
836 3075 940 3160 hujus
968 3078 1086 3141 mundi
1118 3084 1182 3142 est.

235 3171 286 3239 At
313 3175 372 3239 ille
400 3177 500 3240 albus
527 3176 643 3253 draco,
669 3175 762 3239 illius
792 3175 905 3258 gentis
928 3197 1006 3260 quae
1035 3196 1183 3260 occupa·

235 3275 286 3339 vit
315 3283 436 3358 gentes
463 3285 499 3341 et
528 3277 687 3360 regiones
716 3276 882 3358 plurimas
907 3277 944 3340 in
972 3277 1183 3354 Brittannia,

235 3382 270 3438 et
307 3396 396 3458 pene
426 3397 449 3440 a
478 3378 566 3441 mari
602 3396 712 3459 usque
748 3376 792 3439 ad
828 3395 922 3439 mare
956 3379 1109 3456 tenebit;
1149 3384 1185 3440 et

191 3498 222 3544 ro
235 3482 357 3556 postea
382 3496 468 3558 gens
500 3486 620 3542 nostra
646 3483 778 3558 surget,
814 3483 850 3539 et
877 3482 1015 3557 gentem
1047 3474 1183 3557 Anglo-

236 3594 310 3639 rum
334 3583 430 3640 trans
456 3597 550 3641 mare
575 3577 720 3642 viriliter
746 3574 896 3659 dejiciet.
956 3575 1024 3652 Tu,
1055 3582 1184 3656 tamen,

234 3674 277 3738 de
313 3675 382 3740 ista
422 3696 501 3741 arce
536 3678 637 3755 vade,
675 3676 756 3758 quia
792 3695 868 3738 eam
905 3674 1073 3739 aedificare
1114 3696 1185 3740 non

234 3780 345 3857 potes,
367 3783 404 3842 et
426 3778 553 3842 multas
574 3777 770 3861 provincias
792 3775 945 3847 circumi.
967 3784 1007 3840 ut
1028 3776 1185 3841 invenias

270 4063 291 4103 ¹?
305 4062 434 4136 Expulit]
455 4069 568 4130 Repulit,
585 4071 695 4118 sttruos
757 4063 778 4100 ²⁷
797 4059 1184 4134 Oreopavit.]SuppliediromD.

234 4141 351 4200 etagnrm
362 4138 419 4188 ruso
425 4139 510 4188 album
518 4141 696 4203 subsequente,
757 4135 778 4168 ²⁹
797 4131 919 4205 Tenedia]
937 4138 1077 4198 Terrebant,
1090 4138 1171 4188 MSS.

235 4209 338 4259 evanuit
348 4209 431 4274 albus,
444 4225 467 4260 a.
757 4205 779 4239 ³⁰
794 4201 954 4275 regumn]
972 4207 1108 4270 Saxonum,
1119 4224 1143 4257 o.

975 4281 1035 4346 21>
