2902 4874
230 366 252 429 8
505 379 677 428 maroam
701 375 905 438 nnrrouuu,

232 538 384 615 Italiam,
414 545 460 616 et,
490 547 653 622 superato
682 539 815 616 Turno,
838 537 972 621 accepit
1002 535 1183 600 Lauiniam

232 640 338 704 filiam
355 639 483 716 Latini,
509 639 571 703 filii
597 639 722 718 Fauni,
746 640 808 704 filii
831 638 920 716 Pici,
944 638 1005 701 filii
1028 637 1184 714 Saturni,

232 741 268 803 in
296 739 514 824 conjugium3
549 747 585 804 et
610 748 690 822 post
718 746 862 804 mortem
893 739 1011 803 Latini
1037 757 1183 820 regnum

232 841 383 905 obtinuit
412 841 648 905 Romanorum
671 841 727 905 vel
744 841 958 905 Latinorum.
1009 837 1183 902 Ascanius

233 948 350 1005 autem
363 939 490 1005 Albam
512 941 676 1019 condidit,
699 949 735 1006 et
759 949 882 1024 postea
903 960 1048 1006 uxorem
1070 939 1183 1016 duxit,
1213 956 1228 1000 5

233 1050 269 1107 et
283 1042 417 1125 peperit
438 1043 469 1106 ei
493 1041 600 1106 filium
618 1044 756 1106 nomine
770 1042 926 1107 Silvium.
978 1040 1106 1105 Silvius
1122 1059 1183 1104 au·

234 1152 305 1206 tem
326 1143 427 1206 duxit
448 1162 604 1221 uxorem,
618 1151 654 1208 et
675 1143 820 1225 gravida
841 1142 919 1220 fuit,
934 1149 969 1206 et
984 1142 1184 1206 nunciatum

234 1250 289 1308 est
302 1244 425 1307 AEneae
440 1243 533 1327 quod
547 1264 654 1309 nurus
669 1263 733 1308 sua
746 1244 891 1326 gravida
905 1250 1017 1323 esset;
1042 1250 1077 1306 et
1091 1241 1186 1307 misit

236 1344 279 1408 ad
303 1342 494 1409 Ascanium
520 1344 628 1408 filium
656 1365 768 1423 suum,
797 1352 836 1409 ut
864 1344 1016 1408 mitteret
1044 1350 1185 1424 magum

236 1465 336 1508 suum
365 1445 409 1509 ad
439 1445 722 1510 considerandam
752 1465 896 1510 uxorem
925 1452 961 1509 et
988 1444 1186 1527 exploraret
1199 1460 1231 1506 ro

236 1545 318 1629 quid
334 1545 476 1610 haberet
497 1547 533 1610 in
555 1553 666 1624 utero,
680 1548 710 1610 si
731 1547 922 1610 masculum
936 1545 992 1610 vel
1011 1545 1185 1622 seminam,

236 1654 271 1710 et
304 1666 427 1728 magus
452 1646 683 1711 consideravit
716 1667 860 1711 uxorem
883 1654 919 1711 et
941 1664 1099 1711 reversus
1121 1652 1186 1709 est.

237 1746 388 1829 Propter
432 1746 522 1810 hanc
556 1748 838 1812 vaticinationem
884 1766 1006 1831 magus
1053 1745 1187 1810 occisus

237 1855 290 1912 est
319 1848 363 1911 ab
384 1844 551 1924 Ascanio,
579 1849 661 1931 quia
688 1848 777 1912 dixit
799 1845 952 1912 Ascanio
980 1847 1072 1931 quod
1095 1865 1187 1910 mas-

238 1949 353 2011 culum
385 1948 526 2013 haberet
555 1948 592 2012 in
622 1957 720 2013 utero
750 1949 883 2027 mulier,
913 1956 948 2013 et
977 1949 1067 2012 filius
1096 1967 1231 2016 mor-1⁵

237 2050 283 2113 tis
307 2049 384 2126 erit,
406 2050 488 2132 quia
510 2049 680 2114 occideret
700 2057 834 2133 patrem
860 2069 961 2114 suum
985 2057 1021 2113 et
1043 2056 1188 2112 matrem

238 2168 349 2226 suam,
379 2157 414 2214 et
444 2151 509 2214 erit
532 2170 658 2215 exosus
685 2151 843 2215 omnibus
871 2151 1077 2215 hominibus,
1131 2148 1188 2212 Sic

239 2251 373 2330 evenit3
407 2251 444 2313 in
474 2251 657 2316 nativitate
682 2251 776 2315 illius
807 2251 930 2315 mulier
957 2257 1094 2315 mortua
1124 2257 1189 2326 est,

238 2359 274 2415 et
291 2353 442 2416 nutritus
465 2359 519 2416 est
541 2352 643 2430 filius,
657 2359 693 2416 et
706 2360 867 2417 vocatum
890 2360 944 2416 est
965 2372 1091 2416 nomen
1113 2350 1188 2435 ejus

239 2452 361 2528 Bruto.
415 2451 502 2517 Post
523 2453 670 2518 multum
691 2453 923 2530 intervallum,
938 2454 1044 2539 juxta
1066 2451 1188 2517 vatici·
1200 2468 1234 2515 ao

237 2554 412 2617 nationem
427 2553 532 2635 magi,
548 2553 629 2618 dum
650 2555 725 2637 ipse
748 2553 889 2619 ludebat
912 2574 989 2617 cum
1013 2554 1103 2630 aliia,
1116 2552 1189 2616 ictu

237 2734 307 2783 vinia
326 2748 403 2796 super
419 2734 585 2797 clandestina,
602 2736 703 2797 quando
727 2735 778 2784 tius
791 2735 865 2783 Bruti
876 2735 947 2785 exosi
958 2746 1086 2794 nunquam
1098 2731 1131 2778 ad
1142 2744 1190 2778 sae-

238 2810 442 2867 praegnanserat.
479 2805 643 2855 IdeoSilvius
651 2807 704 2856 dic·
726 2820 771 2854 vos
789 2803 831 2872 (l),
849 2806 876 2853 id
893 2809 941 2867 est,
963 2804 1089 2862 Britones,
1110 2801 1191 2862 ducti,

239 2880 280 2923 tus
298 2879 345 2936 est,
357 2876 419 2937 quia
434 2877 460 2923 in
478 2877 542 2925 silva
558 2881 633 2925 nattis
649 2882 703 2937 est3
727 2866 1190 2944 quamquam[quandoque,K.]vole·

240 2946 298 2994 ideo
314 2945 429 2994 silvatici
446 2945 509 2994 dicti
527 2951 586 2996 sunt
597 2947 702 2996 Romani
727 2948 787 2997 bant
809 2947 897 3008 Scotti,
925 2947 1064 2994 nescientes
1085 2942 1190 3003 originis

239 3029 313 3077 reges
324 3019 350 3063 et
361 3015 498 3078 Brittones,
511 3018 556 3077 qui
567 3018 599 3066 de
610 3020 704 3066 eonati
728 3017 778 3078 sui,
799 3018 833 3065 ad
855 3019 931 3065 istum
953 3015 1057 3063 domari.
1094 3013 1190 3061 Brutus

241 3090 309 3146 sunt,
326 3086 369 3134 sed
390 3100 407 3134 a
424 3086 505 3135 Bruto
517 3088 660 3149 Bryttones,
679 3093 705 3137 et
727 3102 786 3135 vero
804 3087 854 3135 fuit
870 3088 938 3135 lilius
955 3085 1027 3134 silvii
1045 3077 1128 3150 [&c.],
1144 3082 1190 3131 filii

240 3156 272 3204 de
308 3155 384 3203 Bruti
421 3157 499 3217 stirpe
534 3164 703 3209 surrexerunt.
727 3157 830 3218 Jupiter
840 3158 872 3205 de
884 3170 973 3218 genere
981 3152 1190 3213 Cain,tiliimale-

239 3227 335 3275 AEneas
347 3225 384 3290 (7,
395 3223 439 3289 21)
451 3241 475 3276 a.
728 3228 790 3277 dicti
801 3228 909 3276 videntis
927 3231 953 3274 et
969 3225 1074 3273 ridentis
1092 3228 1189 3285 patrem

275 3293 286 3324 ⁴
296 3293 439 3356 Ascanius]
462 3297 563 3360 AEneas‚
571 3296 604 3347 A.
614 3299 648 3347 Β.
657 3298 703 3348 &a
729 3297 794 3347 Noe.
817 3298 880 3346 Tros
890 3311 949 3344 vero
960 3296 1024 3345 duos
1035 3295 1099 3342 lilios
1112 3287 1187 3361 [dra]

276 3363 286 3394 ⁶
298 3366 393 3416 Silvius
402 3362 506 3435 autem]
525 3367 652 3418 Ascanius
659 3383 705 3417 au·
728 3366 770 3416 Sic
780 3368 864 3417 inveni
881 3373 910 3415 ut
925 3367 980 3427 tibi,
992 3364 1102 3426 Samuel,
1112 3364 1140 3411 id
1151 3369 1191 3412 est

240 3441 300 3497 tem,
312 3437 345 3486 P.
354 3453 378 3487 α.
727 3438 809 3488 infans
825 3438 939 3500 magistri
954 3436 1013 3497 mei,
1024 3435 1110 3496 idest,
1122 3435 1190 3483 Beu-

275 3507 403 3570 ⁸AEncoe.]
420 3509 540 3569 Ascanio,
553 3509 585 3556 R.
727 3509 779 3558 lani
800 3508 949 3571 presbyteri,
976 3507 1002 3554 in
1024 3505 1074 3554 ista
1096 3505 1191 3567 pagina

276 3575 295 3607 ¹¹
317 3573 415 3647 Utere]
446 3579 524 3627 Utere
546 3579 651 3638 mulier;
679 3585 704 3628 et
727 3579 832 3640 scripsi;
849 3580 894 3627 sed
911 3578 966 3626 haec
978 3576 1125 3638 genealogia
1141 3591 1190 3624 non

240 3649 308 3697 filius
330 3653 398 3697 esset
418 3649 529 3696 omnium
552 3649 703 3710 Hytalorum
727 3650 822 3710 scripta
842 3649 867 3696 in
889 3648 975 3709 aliquo
990 3646 1116 3695 volumine
1135 3646 1191 3694 Bri·

239 3718 401 3779 fortissimus,
408 3718 524 3766 amabilis
534 3720 649 3768 omnibus
660 3719 704 3768 ho·
726 3720 829 3780 tanniae,
840 3719 886 3767 sed
902 3720 928 3766 in
945 3717 1080 3778 scriptione
1099 3717 1189 3764 mentis

240 3789 359 3838 minibus.
395 3788 511 3849 Propter,
521 3803 545 3837 a.
727 3790 855 3851 scriptoris
877 3786 943 3838 suit!
985 3787 1047 3835 This
1071 3801 1189 3849 passage,

277 3856 297 3889 ¹³
310 3857 411 3906 Occisus
421 3862 458 3906 cst
468 3858 498 3906 ab
506 3852 634 3926 Ascania]
653 3858 703 3907 Oc·
727 3860 842 3921 omitting
867 3859 910 3907 the
937 3857 1109 3918 introductory
1139 3858 1189 3906 and

241 3930 310 3978 cisus
318 3934 356 3976 est
362 3930 394 3977 ab
400 3929 520 3977 Acanio.
532 3929 574 3978 Sic
581 3929 672 3990 evenit,
679 3945 702 3978 e.
727 3930 878 3991 concluding
889 3933 1028 3989 sentences,
1039 3928 1099 3975 isin
1110 3927 1141 3977 1..

276 3995 297 4029 ²⁰
313 3993 419 4066 Bruta]
438 3999 529 4059 Brito,
547 3999 627 4060 Brito,
639 4000 704 4048 Bru-
762 3997 781 4030 ²¹
794 3994 926 4068 Ludebat]
944 3999 1189 4058 Luderetcumpue-

240 4075 291 4129 tus,
299 4069 381 4119 MSS.
402 4068 455 4118 The
466 4071 577 4132 margins
588 4070 617 4118 os
627 4071 659 4119 G.
669 4071 704 4119 K.
728 4071 772 4133 ris,
786 4084 872 4120 omnes
883 4071 1028 4131 superabat,
1039 4074 1069 4117 ut
1079 4069 1189 4117 omnium

240 4141 290 4190 and
303 4141 338 4189 N.
351 4140 448 4188 exhibit
463 4140 505 4188 the
520 4140 649 4202 following
660 4141 702 4189 ad·
728 4141 844 4190 dominus
851 4141 992 4199 videretur;
1005 4139 1098 4188 idcirco
1104 4143 1191 4187 autem

239 4209 326 4261 dition.
364 4211 445 4263 ‘Haec
457 4216 495 4260 est
507 4212 654 4273 genealogia
671 4211 703 4260 is·
728 4212 824 4260 invidia
836 4211 958 4273 expulsus
972 4210 1009 4275 (9,
1019 4206 1047 4273 2)
1059 4226 1082 4259 u.
