2902 4874
307 385 352 450 36
581 397 754 448 u1sron1n
778 399 982 461 armenon,

308 557 447 622 barbari
474 560 559 624 victi
577 559 680 636 sunt,
702 567 738 623 et
767 558 826 622 ille
848 559 960 622 victor
981 556 1059 635 suit,
1080 562 1116 620 et
1136 556 1203 638 ipsi
1225 557 1262 620 in

309 658 428 741 sugam
442 660 534 723 versi
548 679 657 742 usque
680 660 724 723 ad
747 659 855 722 ciulas
875 677 957 722 suas
972 657 1102 722 reversi
1114 664 1209 733 sunt,
1225 657 1263 722 in

265 807 271 819 .
309 778 368 822 eas
383 760 596 823 muliebriter
610 761 794 824 intrantes,
847 757 914 821 Ille
929 766 1045 822 antem
1059 764 1140 839 post
1152 756 1262 825 modi-

310 879 388 924 cum
416 860 637 925 intervallum
673 866 829 924 mortuus
857 866 922 936 est,
945 866 981 922 et
1009 863 1090 921 ante
1116 865 1263 922 mortem

310 979 408 1023 snam
429 961 472 1025 ad
493 960 658 1024 familiam
678 979 777 1023 suam
791 959 892 1034 dixit,
905 965 945 1023 ut
959 957 1155 1039 sepulcrum
1168 957 1262 1023 illius
1292 970 1308 1015 5

309 1060 347 1123 in
368 1067 472 1142 portu
498 1067 668 1144 ponerent
692 1079 807 1141 aquo
835 1059 992 1122 exierant
1019 1076 1124 1139 super
1150 1057 1262 1138 ripam

310 1161 427 1239 maris,
443 1161 583 1244 ‘inquo
598 1161 696 1225 vobis
722 1158 923 1223 commendo
936 1179 945 1237 3
969 1158 1126 1240 quamvis
1141 1157 1179 1220 in
1193 1157 1263 1222 alia

309 1268 409 1342 parte
428 1269 565 1344 portum
580 1261 787 1325 Brittanniae
808 1265 951 1323 teneant
966 1266 1002 1322 et
1017 1257 1261 1335 habitaverint,

310 1369 427 1423 tamen
452 1361 489 1424 in
507 1362 580 1425 ista
605 1368 697 1424 terra
721 1361 759 1423 in
781 1366 948 1423 aeternum
964 1379 1034 1422 non
1048 1356 1261 1423 manebunt!

311 1459 370 1523 Illi
394 1467 510 1524 autem
532 1461 733 1524 mandatum
750 1460 825 1544 ejus
848 1465 1116 1535 contemserunt,
1133 1464 1169 1520 et
1183 1477 1260 1520 eum
1275 1468 1308 1512 1⁰

309 1560 346 1623 in
359 1560 447 1638 loco,
465 1562 501 1623 in
518 1581 586 1643 quo
600 1562 832 1643 imperaverat
846 1559 926 1637 illis,
940 1579 1010 1623 non
1024 1558 1244 1641 sepelierunt.

148 1667 281 1761 fflggrphe
362 1660 448 1742 §db
473 1659 523 1724 At
547 1662 684 1725 barbari
717 1660 846 1724 reversi
877 1666 960 1723 sunt
991 1677 1119 1740 magno
1146 1677 1261 1739 opere,

149 1771 237 1811 suom·
309 1779 388 1822 cum
412 1759 682 1842 Guortbigirnus
705 1761 835 1823 amicus
859 1760 996 1823 illorum
1023 1766 1099 1822 erat
1120 1764 1262 1840 propter

309 1879 454 1929 uxorem
488 1880 599 1939 suam,
630 1868 665 1925 et
694 1860 809 1923 nullus
841 1879 899 1923 eos
928 1860 1068 1941 abigere
1096 1857 1262 1921 audacter

309 1959 432 2037 valuit,
466 1962 548 2042 quia
583 1981 654 2025 non
679 1960 731 2023 'de
769 1962 898 2024 virtute
933 1979 996 2022 sua
1027 1958 1261 2022 Brittanniam
1275 1973 1306 2018 15

310 2068 578 2142 occupaverunt,
602 2060 663 2124 sed
688 2061 731 2124 de
756 2068 843 2124 nutu
868 2060 958 2138 Dei;
991 2066 1112 2123 contra
1137 2058 1260 2122 volun-

310 2166 418 2223 tatem
435 2161 502 2224 Dei
521 2163 597 2243 quis
620 2161 747 2244 poterit
769 2169 804 2225 et
828 2161 984 2224 nitatur?
1008 2159 1069 2222 sed
1088 2159 1261 2241 quomodo
1362 2214 1372 2222 ,

310 2260 421 2325 voluit
440 2261 612 2325 Dominus
631 2261 725 2340 fecit,
744 2262 872 2343 etipse
891 2280 1009 2324 omnes
1030 2267 1151 2342 gentes
1171 2260 1262 2340 regit

310 2368 346 2424 et
359 2362 539 2442 gubernat.

148 2481 288 2524 mennon,
360 2461 507 2524 Factum
533 2470 588 2526 est
612 2469 728 2525 autem
750 2469 830 2544 post
858 2468 1003 2524 mortem
1026 2459 1260 2539 Guorthemir‚
1273 2473 1306 2519 10

146 2533 288 2574 assassinatcd

145 2583 280 2675 panesa
308 2561 400 2642 regis
415 2561 656 2643 Guorthigirni
669 2562 742 2638 filii,
757 2570 793 2626 et
814 2569 895 2644 post
915 2562 1145 2625 reversionem
1160 2559 1260 2623 Hen-

343 2743 354 2773 ²
370 2747 472 2795 Reversi
479 2741 560 2814 sarra]
570 2746 651 2794 Mersi
663 2744 768 2807 suntid.
798 2743 929 2807 diligebat,
939 2747 969 2793 ut
979 2745 1065 2793 nullus
1081 2743 1186 2792 auderet
1202 2758 1260 2793 con·

344 2813 518 2882 ³Modicom.]
541 2818 595 2865 Om.
609 2816 652 2864 be
798 2817 837 2862 tra
864 2829 907 2863 eoa
934 2829 1057 2876 pugnare,
1079 2815 1140 2874 quia
1166 2815 1259 2862 blande

345 2883 473 2954 18110111]
508 2888 595 2949 Suam,
621 2886 714 2934 futruae
736 2885 773 2933 rei
798 2884 958 2932 deliniebant
971 2899 1054 2946 regem
1066 2883 1259 2946 imprudentem,

240 2968 242 2973 ’
310 2971 398 3005 casum
409 2957 550 3019 advertens,
566 2957 633 3004 dixit
649 2956 683 3004 ad
701 2956 774 3003 fami-
798 2955 912 3014 viperino
947 2960 1030 3002 tamen
1066 2954 1140 3002 corde
1173 2954 1260 3002 dolum

310 3027 371 3075 liam
394 3041 476 3088 suam,
495 3027 625 3088 ‘Sepelite
652 3027 679 3074 in
698 3030 773 3086 portu
799 3029 912 3086 agentes,
923 3030 948 3073 et
958 3025 1053 3086 nullus,
1062 3024 1096 3072 D.
1105 3038 1195 3086 marg,
1203 3039 1227 3072 a.
1236 3024 1258 3074 b.

311 3098 369 3145 ostii
392 3097 508 3145 introitus
531 3097 658 3145 Saxonum
682 3111 774 3157 corpus
834 3091 1259 3162 1411113111]Α111ςο10111110,Ε.Ι.

310 3180 403 3227 meum,
414 3168 441 3215 id
452 3171 499 3228 eat,
517 3179 595 3227 supra
605 3168 686 3226 ripam
697 3167 774 3214 maris
835 3161 855 3193 ¹⁶
871 3164 941 3226 Det]
962 3165 1065 3226 Divino,
1084 3170 1185 3226 propter
1201 3178 1260 3225 pec·

312 3251 328 3284 a
352 3250 402 3295 quo
424 3239 532 3297 primum
559 3239 689 3298 venerumt,
713 3237 775 3297 quia
799 3238 857 3283 cata
874 3235 986 3283 maxima
1004 3236 1135 3282 Britonum
1147 3234 1204 3283 Deo
1222 3236 1259 3284 sie

312 3306 437 3368 quamvis,
448 3323 471 3355 (1.
799 3305 970 3366 permittente,
981 3305 1016 3353 D.
1028 3319 1118 3366 marg„
1128 3320 1151 3353 a.
1165 3304 1188 3353 1.

348 3370 522 3443 6Ε11111(1111.]
552 3377 676 3425 Exierant
697 3369 773 3444 [Sax-
833 3370 1260 3438 11111111]111111,Ηο110900100011-

311 3445 484 3507 ones,morg.]
507 3447 541 3496 D.
555 3446 578 3496 1.
798 3443 889 3493 1011110
911 3446 987 3493 etad
1011 3460 1038 3494 se
1060 3446 1147 3493 multis
1168 3445 1259 3493 iterum

348 3510 367 3543 ¹¹
397 3511 570 3584 Sepelierunt]
605 3515 771 3578 Sepelienmt.
798 3515 906 3563 navibus
929 3517 1096 3577 congregatis,
1115 3529 1171 3562 cum
1195 3515 1261 3563 seni·

312 3583 344 3632 In
355 3585 488 3634 Lincolnia
505 3588 571 3635 enirn
592 3586 708 3648 sepultus
725 3590 773 3648 est,
798 3586 885 3635 oribus
903 3586 958 3634 suis
973 3586 1058 3635 dolum
1075 3584 1261 3646 Guorthegirno

312 3657 338 3702 et
357 3655 380 3702 si
396 3655 541 3703 mandatum
558 3658 614 3717 ejus
633 3657 774 3705 tenuissent
797 3657 853 3718 regi
864 3660 890 3704 et
900 3670 947 3704 suo
958 3655 1081 3705 exercitui
1091 3656 1261 3716 praeparavit3

312 3724 479 3784 proculdubio
488 3739 533 3784 per
544 3726 668 3773 orationes
675 3726 701 3774 S.
709 3725 771 3775 Ger·
799 3726 952 3786 mittensque
964 3726 997 3774 ad
1008 3739 1092 3788 regem
1108 3725 1205 3786 legatos
1216 3725 1260 3772 do-

311 3794 381 3842 mani
395 3793 518 3854 quicquid
534 3795 658 3854 petierant
674 3796 773 3844 obtinu·
798 3796 851 3844 lose
867 3810 956 3856 pacem
972 3797 1038 3844 inter
1054 3809 1081 3843 se
1099 3794 1200 3842 formari
1216 3795 1260 3842 de·

310 3864 399 3924 issent,
411 3863 434 3912 Ι.
798 3871 925 3927 precatur,
947 3871 977 3914 ut
997 3869 1122 3927 perpetua
1148 3865 1260 3913 amicitia

348 3926 773 4001 1’811111.]811111,0111111111110111110
798 3934 863 3981 inter
880 3949 907 3983 se
926 3939 1063 3986 uterentur.
1100 3934 1157 3982 Rex
1174 3939 1258 3982 autem

312 4003 674 4067 Paganisauxiliabantur‚D.
683 4019 773 4066 marg,
798 4003 893 4052 inscius
909 4005 962 4053 doli
978 4021 1035 4055 curn
1052 4005 1193 4054 senioribus
1204 4005 1258 4053 suis

310 4088 333 4122 (1.
798 4074 944 4122 consiliatus
955 4081 994 4124 est
1004 4091 1092 4136 pacem
1103 4090 1160 4122 curn
1172 4074 1258 4123 Hene-

348 4140 368 4172 ¹³
386 4137 469 4212 Cum]
488 4144 601 4193 Maxime
613 4143 690 4204 quod,
701 4159 724 4193 (1.
799 4149 869 4204 gesto
880 4144 982 4207 habere,
993 4151 1018 4194 et
1035 4145 1188 4194 discordiam
1205 4146 1257 4193 bel·

347 4210 366 4242 ¹⁴
384 4212 480 4277 Suam]
506 4215 592 4279 Suam,
612 4227 689 4276 quam
707 4212 772 4262 adeo
798 4213 878 4262 lorum
893 4229 1006 4265 renuere.
1043 4217 1133 4278 Legati
1147 4230 1206 4264 vero
1218 4229 1256 4263 re
