2902 4874
299 391 344 455 38
573 407 746 454 rusronnl
769 405 973 466 sarronuu,

301 573 388 643 erat,
408 564 617 629 vociferatus
641 571 706 641 est,
730 571 766 627 et
791 582 910 627 omnes
935 561 1088 625 seniores
1111 563 1255 625 trecenti

302 664 542 746 Guorthigirni
570 665 662 746 regis
687 663 841 747 jugulati
871 669 964 739 sunt,
994 669 1029 725 et
1056 662 1132 744 ipse
1159 662 1255 725 solus

301 772 425 847 captus
457 773 492 829 et
522 749 704 828 catenatus
739 770 804 840 est,
834 770 870 827 et
901 763 1060 844 regiones
1089 762 1256 844 plurimas

302 885 366 948 pro
390 864 600 929 redemtione
627 864 752 928 animae
782 882 855 926 suae
878 862 948 925 illis
973 861 1105 939 tribuit,
1128 862 1164 925 id
1190 871 1256 938 est,

304 965 505 1042 Estsaxum,
529 965 731 1042 Sutsaxum,
754 970 795 1027 nt
817 963 862 1026 ab
876 962 998 1026 illicita
1012 961 1256 1045 conjunctione
1284 977 1299 1020 s

302 1084 341 1129 se
355 1072 543 1147 separaret.

142 1177 271 1277 33:31333’2
356 1165 442 1248 §42
466 1164 615 1228 Sanctus
652 1182 736 1236 vero
772 1161 968 1226 Germanus
1005 1160 1256 1241 Guorthigimo

143 1280 186 1319 aar
196 1279 273 1325 reatu
303 1264 515 1347 praedicabat
528 1272 567 1328 ut
582 1264 626 1326 ad
641 1262 829 1327 Dominum
845 1281 945 1326 suum
959 1268 1195 1340 converteret3
1219 1267 1258 1324 at

302 1364 361 1429 ille
375 1383 485 1446 usque
501 1364 546 1427 ad
558 1363 746 1444 regionem,
762 1381 840 1445 quae
855 1381 877 1425 a
892 1362 1029 1426 nomine
1044 1381 1108 1426 sno
1123 1361 1257 1442 accepit

304 1484 441 1541 nomen,
465 1463 790 1545 Guorthigirniaun,
812 1461 1052 1526 miserabiliter
1065 1461 1197 1543 effugit,
1217 1467 1256 1524 ut
1270 1473 1302 1519 lo

303 1564 352 1627 ibi
374 1584 452 1628 cum
474 1564 640 1629 uxoribus
663 1564 735 1627 suis
753 1563 888 1627 lateret.
941 1562 988 1626 Et
1002 1561 1151 1625 Sanctus
1167 1559 1255 1624 Ger-

304 1683 427 1728 manus
455 1672 536 1746 post
563 1663 661 1727 illum
690 1670 830 1726 secutus
859 1669 913 1726 est
939 1681 1017 1725 cum
1044 1662 1138 1725 omni
1164 1660 1257 1724 clero

306 1763 517 1841 Brittonum,
533 1770 569 1827 et
590 1763 638 1827 ibi
660 1762 893 1845 quadraginta
913 1762 1034 1826 diebus
1058 1769 1093 1826 ot
1107 1761 1256 1844 quadra-

305 1864 405 1945 ginta
432 1864 591 1928 noctibus
612 1863 751 1941 mansit,
777 1869 814 1926 et
838 1881 942 1945 super
962 1870 1097 1944 petram
1122 1863 1257 1938 orabat,

306 1970 342 2027 et
363 1964 418 2028 die
440 1971 612 2045 noctuque
637 1964 765 2027 stabat.
817 1962 864 2026 Et
887 1963 1012 2026 iterum
1035 1960 1256 2043 Guorthigir-
1271 1977 1300 2024 rs

306 2081 507 2145 nasusque
533 2064 577 2127 ad
605 2082 719 2127 arcem
747 2061 1001 2143 Guorthigirni,
1028 2079 1107 2144 quae
1139 2061 1256 2126 estin

305 2163 447 2243 regione
475 2164 700 2228 Demetorum
726 2163 833 2247 juxta
861 2162 989 2225 flumen
1020 2161 1131 2238 Teibi,
1156 2162 1257 2243 igno·

305 2264 450 2326 miniose
472 2263 651 2327 abscessit.
703 2263 750 2328 Et
772 2262 875 2326 solito
889 2282 984 2326 more
1002 2261 1152 2326 Sanctus
1168 2260 1256 2325 Ger-

305 2382 429 2426 manus
452 2383 530 2428 eum
552 2370 691 2427 secutus
714 2369 779 2440 est,
802 2369 838 2426 et
851 2363 899 2426 ibi
908 2362 1051 2447 jejunus
1071 2381 1150 2426 cum
1164 2362 1257 2426 omni

342 2595 353 2629 ⁸
365 2598 488 2661 Regiones
496 2599 636 2664 piscinea]
645 2601 707 2651 Tres
715 2596 772 2664 pro·
832 2597 850 2629 ¹¹
872 2601 1018 2664 Uxoribus]
1030 2601 1193 2664 Mulieribus,
1204 2602 1239 2652 D.

307 2666 414 2732 vincias,
449 2670 513 2719 East
547 2671 656 2735 Seaxan,
688 2672 772 2721 Suder
831 2669 851 2702 ¹⁴
870 2672 985 2734 Orabat]
1004 2672 1110 2722 Orabat.
1145 2673 1199 2722 Iste
1214 2673 1258 2722 be·

308 2739 418 2800 Seaxan,
429 2739 530 2789 Middel
541 2741 650 2803 Seaxan,
663 2757 721 2790 cum
732 2757 771 2790 re·
796 2743 926 2791 atissimus
948 2743 987 2790 vir
1008 2743 1061 2791 dux
1085 2743 1145 2792 belli
1170 2746 1257 2792 contra

308 2807 387 2868 liquis
404 2809 560 2872 regionibus,
578 2825 643 2871 quas
656 2811 707 2872 ipsi
727 2811 772 2859 eli·
795 2809 908 2858 Saxones
930 2825 983 2860 una
1004 2827 1065 2860 voce
1087 2812 1180 2874 lactus,
1206 2827 1255 2861 non

310 2880 677 3010 ⁸⁰lii⁰ll²l⁰s⁰ltir
795 2880 1052 3000 miili&
1068 2883 1257 3001 illibi

433 2983 439 2997 .
493 2984 500 2998 .
536 2966 560 3009 .;
635 2983 643 3010 ,
681 2984 688 2998 .
868 2967 883 2999 o
1049 2967 1125 3001 canu
1167 2967 1179 3000 s
1231 2968 1258 3000 o·

345 3015 355 3044 ⁵
371 3018 527 3080 Euersam]
540 3020 673 3081 Elsaxum,
684 3021 719 3069 B.
733 3022 761 3070 C.
795 3035 851 3068 rum
862 3019 987 3083 Alleluia,
1001 3026 1119 3083 totusque
1130 3024 1257 3072 exercitus

344 3084 354 3116 ⁶
372 3087 529 3152 Scirorum]
547 3089 707 3153 Mydelsexe,
728 3091 771 3139 od·
795 3090 830 3138 ad
844 3090 929 3140 Deum
943 3091 1113 3155 vociferando,
1129 3092 1214 3142 hostes
1230 3093 1256 3140 in

309 3156 356 3206 dit.
366 3173 446 3218 marg.
458 3158 493 3207 D.
795 3159 882 3223 sugam
893 3163 1187 3221 usquemareconvertit.
1223 3163 1257 3210 Et

346 3220 435 3295 ΠΜ]
447 3228 490 3290 Et,
501 3229 535 3278 B.
550 3231 580 3279 G.
795 3231 886 3279 iterum
920 3230 1133 3295 Guorthegirnus,
1154 3237 1203 3282 etc.
1231 3248 1255 3283 n.

344 3294 356 3325 ⁶
372 3297 406 3347 Se
415 3299 559 3361 repararet]
570 3300 684 3362 Separet,
696 3302 730 3349 B.
795 3300 913 3349 Allusion
924 3302 947 3349 is
958 3302 1031 3351 made
1048 3303 1075 3351 in
1086 3302 1136 3352 this
1147 3316 1256 3364 passage

344 3363 355 3396 ⁶
372 3364 525 3436 Separoret]
544 3369 580 3418 D.
599 3369 658 3418 here
677 3371 771 3432 impro-
794 3374 821 3418 to
832 3369 874 3419 the
885 3372 981 3432 victory
994 3373 1084 3434 gained
1100 3374 1135 3434 by
1145 3373 1188 3421 the
1200 3373 1257 3421 Bri-

309 3436 382 3498 perly
391 3437 482 3487 inserts
493 3438 535 3487 the
546 3439 676 3502 following
685 3442 771 3491 words
795 3443 850 3488 tons
861 3456 922 3490 over
932 3442 974 3490 the
985 3442 1083 3491 Saxons
1093 3441 1202 3504 through
1213 3443 1256 3491 the

309 3503 373 3555 from
395 3506 437 3556 the
459 3512 520 3556 next
540 3515 667 3560 sentence.
713 3511 771 3560 ‘At
794 3511 1046 3572 instrumentalityof
1058 3512 1256 3576 St.Germanus,

309 3575 353 3623 ille
370 3590 452 3638 usque
468 3578 502 3626 ad
518 3580 656 3642 regionem,
677 3594 736 3643 quae
754 3597 771 3631 a
795 3581 945 3644 conceming
961 3581 1046 3631 which
1061 3596 1104 3637 seo
1117 3583 1199 3645 Beda,
1219 3583 1256 3632 H.

309 3646 408 3695 nornine
420 3655 711 3709 suoacceperatnomen.
722 3652 771 3700 sci·
795 3651 826 3699 E.
840 3664 858 3700 r.
870 3665 914 3700 xx.

308 3714 378 3776 licet,
390 3716 651 3784 Guorthigirnianum,
668 3704 771 3770 misera-
832 3716 851 3747 ¹⁶
866 3715 977 3787 Arcem]
996 3720 1089 3799 Arcem
1105 3737 1182 3783 quam
1195 3723 1257 3772 aedi·

309 3784 523 3847 biliteraurugit!
795 3790 915 3840 beaverat
930 3794 956 3838 et
965 3805 1056 3840 nomen
1080 3791 1256 3855 Guorthigirni

344 3851 471 3918 ⁸Suum.]
486 3857 541 3906 Dm.
553 3858 589 3907 D.
795 3860 958 3922 imposuerat,
979 3875 1038 3921 quae
1060 3866 1100 3911 est
1121 3877 1177 3924 arx,
1199 3866 1255 3913 odd.

343 3920 355 3953 ⁸
372 3925 548 3989 Convertere]
561 3928 730 3989 Convenerat,
745 3932 771 3978 et
794 3945 873 3991 marg.
895 3931 939 3990 C.;
956 3944 1040 3979 arcem
1051 3947 1128 3992 quam
1145 3934 1256 3982 redifica-

308 3994 341 4042 ab
352 3994 443 4044 illicita
454 3997 512 4045 liliae
526 3997 635 4058 propriae
651 4000 770 4047 commix-
794 4005 865 4049 verat
875 4004 901 4048 et
913 4014 1001 4048 nomen
1009 4016 1084 4050 suum
1093 4003 1256 4065 imposuerat,

307 4065 374 4112 tione
391 4066 501 4115 alienum
518 4081 546 4117 se
563 4068 666 4128 laceret,
682 4083 716 4130 a,
727 4071 770 4118 arl-
794 4075 871 4130 atque
882 4070 908 4118 in
920 4069 1030 4131 regione,
1042 4072 1076 4121 D.
1087 4089 1094 4132 ;
1106 4087 1182 4133 quam
1194 4074 1256 4122 aedi-

307 4133 354 4183 dit.
365 4150 445 4197 nmrg.
457 4138 491 4186 D.
794 4141 922 4200 licaveret,
938 4144 964 4189 et
979 4155 1068 4189 nomen
1085 4157 1159 4190 suurn
1176 4145 1257 4204 impo-

343 4201 352 4230 ⁸
368 4203 426 4267 Aa]
446 4221 469 4254 o.
482 4208 516 4256 D.
528 4222 535 4265 ;
546 4211 580 4268 et,
592 4206 624 4256 A.
638 4208 672 4257 Β.
686 4210 716 4258 C.
794 4214 888 4272 suerat,
899 4210 986 4273 idest,
997 4211 1201 4275 Dinguortigirn,
1214 4214 1248 4262 K.
