2902 4874
324 403 368 467 26
593 417 766 465 nrsronm
791 414 992 474 nnrronuu,

325 575 581 656 confringerent
603 593 642 637 os
664 575 706 636 de
729 573 863 635 ossibus
892 571 979 654 ejus
1003 577 1038 634 et
1067 569 1116 632 sic
1146 569 1275 633 factum

325 682 397 754 est3
422 682 457 738 et
478 676 515 738 in
537 674 687 738 crastino
700 673 830 736 vitulus
851 673 1012 735 inventus
1035 677 1089 733 est
1106 677 1187 733 ante
1201 688 1274 732 ma-

325 783 413 839 trem
428 794 525 838 suam
540 793 646 836 sanus
661 781 696 837 et
710 773 821 849 vivuS,
835 772 1093 852 incolumisque.

377 875 395 958 ξ
409 875 463 939 33.
488 874 620 938 Iterum
635 873 677 937 de
692 893 792 936 mane
807 878 1043 947 surrexerunt,
1058 878 1097 934 ut
1111 871 1275 951 impetra-

325 982 403 1038 rent
414 975 658 1038 salutationem
673 973 813 1055 tyranni
826 993 834 1050 3
851 979 888 1035 at
904 972 981 1052 ipsi,
993 991 1072 1034 curn
1086 976 1226 1034 orarent
1241 977 1277 1033 et
1305 982 1320 1024 5

326 1081 568 1155 exspectarent
577 1073 683 1156 juxta
695 1080 831 1155 portam
845 1072 946 1148 arciS,
958 1078 993 1134 et
1004 1072 1101 1133 ecce!
1125 1070 1276 1133 virunus

325 1176 496 1250 currebat,
511 1182 547 1238 et
560 1173 665 1237 sudor
678 1173 771 1236 illius
784 1192 805 1235 a
815 1172 943 1235 vertice
957 1189 1066 1252 usque
1080 1168 1124 1233 ad
1137 1169 1277 1250 plantas

325 1275 451 1355 pedum
480 1274 682 1338 distillabat.
736 1271 924 1336 Inclinavit
951 1290 989 1334 se
1017 1277 1098 1333 ante
1123 1268 1213 1344 illos,
1242 1276 1277 1332 et

326 1374 416 1438 dixit
455 1373 603 1438 Sanctus
633 1371 841 1448 Germanus,
879 1369 1025 1434 ‘Credis
1053 1371 1091 1432 in
1119 1375 1277 1431 sanctam

327 1473 570 1537 Trinitateml’
596 1480 631 1536 et
654 1472 831 1554 respondit
862 1471 923 1549 illi,
954 1469 1112 1547 ‘Credo,'
1133 1476 1169 1532 et
1190 1469 1322 1550 bap-10

326 1574 453 1638 tizatus
470 1582 534 1651 est,
544 1581 579 1638 et
590 1572 760 1637 osculavit
775 1591 864 1636 eum.
916 1573 964 1635 Et
980 1571 1068 1634 dixit
1082 1567 1277 1645 illi,‘Vade

325 1674 362 1736 in
376 1693 473 1756 pace,
487 1675 523 1737 in
532 1675 601 1738 ista
610 1674 696 1737 hora
706 1672 872 1748 morieris,
884 1678 919 1735 et
930 1670 1058 1752 Angeli
1069 1670 1137 1734 Dei
1150 1668 1186 1731 in
1198 1688 1277 1731 aere

327 1781 533 1855 exspectant
547 1781 594 1851 te,
609 1780 648 1836 ut
662 1772 829 1853 gradieris
844 1771 1004 1834 cumillis
1020 1772 1064 1834 ad
1076 1769 1277 1843 Dominum,

327 1874 382 1936 cui
397 1873 593 1937 credidisti!
645 1873 692 1936 Et
704 1873 777 1953 ipse
788 1871 889 1935 laetus
900 1872 1045 1936 intravit
1054 1871 1090 1933 in
1102 1888 1227 1944 arcem,
1243 1875 1278 1931 et

329 1972 520 2036 Praefectus
535 1972 648 2036 tenuit
670 1971 767 2035 illum
781 1978 815 2034 et
829 1972 998 2052 alligavit,
1013 1979 1048 2035 et
1062 1977 1143 2034 ante
1157 1976 1277 2051 tyran-
1291 1980 1322 2024 1⁵

328 2092 409 2135 num
434 2073 557 2136 ductus
584 2080 618 2136 et
643 2071 843 2135 interfectus
866 2078 931 2135 est.
983 2071 1063 2134 Mos
1086 2070 1178 2133 enirn
1204 2075 1279 2132 erat

328 2172 419 2253 apud
435 2174 680 2254 nequissimum
694 2180 881 2255 tyrannum
905 2171 972 2233 nisi
992 2171 1069 2252 quis
1090 2176 1172 2233 ante
1194 2169 1278 2231 solis

327 2279 440 2336 ortum
463 2273 677 2354 pervenisset
696 2271 740 2335 ad
760 2272 961 2335 servitutem
983 2270 1019 2332 in
1042 2289 1132 2345 arce,
1146 2267 1277 2331 interfi-

327 2373 492 2436 ciebatur.
545 2373 592 2436 Et
613 2379 815 2435 manserunt
838 2378 914 2434 tota
937 2370 992 2432 die
1011 2370 1117 2452 juxta
1141 2374 1278 2450 portam

328 2473 491 2550 civitatis,
506 2480 542 2536 et
561 2492 630 2535 non
656 2473 928 2554 impetraverunt
952 2477 992 2533 ut
1016 2470 1209 2532 salutarent
1222 2474 1278 2548 ty·
1291 2477 1324 2522 2⁰

327 2591 485 2636 rannum.

380 2672 465 2754 §34
489 2671 598 2735 Solito
622 2692 667 2734 ex
690 2691 784 2734 more
799 2669 1017 2752 supradictus
1033 2668 1130 2731 affuit
1145 2686 1277 2744 servuS,

328 2777 363 2834 et
388 2771 478 2836 dixit
502 2773 533 2835 ei
565 2771 715 2834 Sanctus
741 2768 949 2846 Germanus,
977 2767 1094 2832 ‘Cave
1118 2787 1162 2831 ne
1187 2786 1277 2830 unus

328 2869 430 2934 homo
444 2877 582 2934 maneat
603 2871 646 2933 de
669 2869 863 2932 hominibus
882 2869 952 2931 tuis
974 2867 1010 2930 in
1032 2869 1101 2931 ista
1118 2875 1219 2931 nocte
1241 2867 1277 2929 in

329 2971 430 3033 arce!
483 2970 528 3033 Et
551 2970 625 3051 ipse
641 2988 800 3033 reversus
823 2975 876 3031 est
898 2969 935 3031 in
956 2987 1069 3030 arcem
1084 2975 1119 3031 et
1134 2966 1278 3030 deduxit
1291 2987 1323 3031 ns

328 3067 417 3132 filios
440 3087 532 3145 suoS,
548 3089 692 3150 quorum
715 3087 876 3131 numerus
899 3075 974 3131 erat
996 3088 1131 3143 novem,
1154 3074 1189 3130 et
1210 3067 1278 3147 ipsi

329 3167 372 3231 ad
388 3167 622 3248 supradictum
636 3169 823 3250 hospitium
843 3188 920 3231 cum
942 3169 1018 3250 ipso
1041 3167 1170 3231 reversi
1183 3172 1276 3228 sunt.

329 3267 377 3330 Et
401 3267 566 3348 praecepit
591 3267 738 3331 Sanctus
754 3267 948 3332 Germanus
977 3287 1114 3331 manere
1140 3284 1199 3329 eos
1222 3264 1277 3347 je-

324 3366 443 3449 junoS,
460 3374 505 3443 et,
521 3366 646 3430 clausis
657 3367 787 3450 Januis‚
806 3368 907 3443 dixit,
922 3367 1139 3448 ‘Vigilantes
1155 3372 1278 3440 estote,

329 3474 364 3530 et
386 3468 416 3529 si
438 3466 520 3549 quid
542 3467 706 3543 evenerit,
721 3467 757 3530 in
772 3486 886 3530 arcem
908 3467 1014 3531 nolite
1030 3467 1195 3549 aspicere,
1217 3464 1324 3529 sedeo

329 3575 426 3631 orate
449 3567 681 3631 indesinenter
704 3573 739 3629 et
760 3566 804 3629 ad
820 3567 1007 3629 Dominum
1030 3573 1183 3629 vestrum
1206 3563 1277 3627 cla-

328 3667 444 3731 mate!
509 3668 555 3730 Et
591 3675 671 3748 post
706 3667 876 3730 modicum
908 3666 1128 3730 intervallum
1166 3664 1278 3727 noctis

328 3765 419 3846 ignis
434 3767 476 3828 de
489 3767 578 3829 coelo
594 3767 717 3831 cecidit
731 3774 765 3830 et
780 3765 967 3830 combussit
975 3785 1099 3843 arcem,
1114 3772 1149 3829 et
1160 3782 1279 3827 omnes

328 3863 484 3928 homines
500 3866 558 3946 qui
578 3885 655 3929 cum
681 3874 830 3950 tyranno
855 3872 966 3942 erant,
981 3873 1016 3929 et
1031 3882 1201 3948 nusquam
1216 3882 1277 3945 ap-

329 3972 519 4046 paruerunt
533 3984 641 4046 usque
664 3967 707 4030 ad
732 3967 933 4031 hodiernum
948 3966 1057 4044 diem;
1081 3972 1116 4029 et
1129 3983 1194 4028 arx
1208 3982 1279 4026 non
1294 3984 1324 4029 ss

330 4065 500 4129 aedificata
514 4072 687 4147 estusque
701 4067 812 4131 hodie.

381 4165 397 4246 ξ
411 4165 464 4228 35.
490 4165 533 4228 In
549 4166 699 4230 crastino
715 4166 769 4230 die
784 4167 841 4231 ille
856 4167 920 4239 vir,
936 4165 996 4247 qui
1019 4164 1199 4248 hospitalis
1213 4163 1279 4226 fuit
