2902 4874
287 427 331 492 64
665 444 864 492 nrrnnnrx.

287 593 366 657 liter
382 592 664 657 Bartholomeum
686 593 728 657 de
752 590 923 656 Hibernia
945 590 1144 673 pestilentia
1158 610 1236 654 cum

287 695 359 757 suis
372 695 528 770 eraserit,
542 701 578 757 et
592 694 634 757 de
648 693 797 775 quodam
814 691 949 768 Nimec,
966 692 1026 775 qui
1039 699 1161 774 postea
1177 692 1238 755 illo

287 795 394 871 venit,
408 794 468 857 sed
485 802 521 857 et
535 801 657 875 postea
670 814 748 858 cum
763 793 835 857 suis
849 791 961 856 rediit.

337 893 427 958 VII.
451 894 506 958 De
526 893 635 957 tribus
657 894 736 957 filiis
759 892 941 977 cujusdam
959 890 1078 955 militis
1103 890 1237 974 Hispa·

287 994 366 1070 niae,
382 993 442 1076 qui
457 993 662 1057 Hiberniam
677 993 940 1077 applicuerunt3
964 992 1136 1073 quomodo
1159 1011 1236 1054 cas·
1267 1005 1281 1048 s

223 1111 230 1122 ·
287 1093 407 1157 tellum
423 1094 571 1158 vitreum
596 1093 633 1157 in
654 1095 743 1157 mari
757 1094 929 1168 viderunt,
946 1098 982 1155 et
1003 1091 1088 1155 illud
1103 1112 1237 1174 oppug-

287 1200 411 1258 nantes
433 1194 620 1276 perierunt.
671 1193 738 1258 Sed
753 1201 870 1258 tamen
883 1191 1011 1255 residui
1026 1211 1144 1255 eorum
1160 1213 1237 1255 cum

286 1294 607 1376 supervenientibus
619 1293 790 1377 Hispanis
805 1291 973 1375 paulatim
987 1298 1096 1356 totam
1109 1290 1237 1356 Hiber-

286 1395 379 1457 niam
392 1394 624 1476 possiderunt.
1357 1379 1362 1387 ’

337 1493 450 1558 VIII.
474 1493 577 1573 Quod
593 1493 690 1557 nulla
711 1500 807 1557 certa
819 1492 966 1557 historia
979 1491 1122 1573 originis
1138 1491 1237 1556 Scot-
1251 1504 1283 1549 ro

182 1603 188 1609 ”
287 1600 402 1657 torum
415 1595 622 1658 continetur.

340 1693 414 1757 IX.
438 1693 613 1773 Quamdiu
640 1692 811 1757 Hibernia
840 1691 1073 1757 inhabitabilis
1097 1690 1177 1768 fuit,
1202 1699 1238 1756 et

287 1792 329 1856 de
340 1793 489 1876 quodam
503 1794 610 1858 nobili
621 1793 751 1876 Scytha
766 1813 893 1875 genero
904 1780 1107 1868 Pharaonis,
1123 1811 1237 1874 quem,

287 1913 369 1975 rege
399 1895 575 1958 submerso
599 1913 677 1957 cum
700 1893 784 1971 suiS,
814 1893 974 1977 AEgyptii
1004 1884 1235 1974 expuleru'nt;

287 1993 458 2075 quomodo
489 1993 742 2076 peregrinando
772 2003 921 2075 vagatus
950 1993 1008 2070 sit,
1037 2001 1073 2056 et
1099 1992 1281 2072 quand01⁵

288 2092 495 2157 Hiberniam
524 2093 723 2176 appulerit3
764 2101 799 2156 et
828 2100 913 2174 quot
943 2111 1054 2156 annos
1080 2091 1237 2169 Tribuni,

288 2193 499 2270 Dictatores,
522 2212 564 2257 ac
594 2192 762 2256 Consules
789 2192 1053 2275 Rempublicam
1078 2192 1236 2256 obtinue-

287 2301 379 2358 runt.

338 2394 391 2458 X.
415 2393 496 2473 Qua
519 2399 623 2458 aetate
648 2394 810 2458 Britones
834 2400 1004 2458 venerunt
1028 2393 1072 2456 ad
1096 2392 1237 2457 Britan-

286 2495 391 2571 niam,
417 2500 453 2557 et
476 2514 547 2576 qua
568 2494 709 2571 Scithae,
732 2492 785 2581 (id
811 2501 875 2571 est,
899 2490 1040 2577 Scotti,)
1062 2493 1122 2576 qui
1145 2503 1280 2556 nunc2⁰

286 2594 447 2658 dicuntur
474 2594 723 2670 Hiberuenses,
753 2593 796 2657 ad
825 2593 1050 2673 Hiberniam
1089 2600 1124 2657 et
1150 2613 1236 2676 quo-

286 2694 388 2757 modo
404 2694 565 2758 Britones
585 2713 608 2758 a
620 2693 730 2758 Pictis
744 2701 780 2757 et
794 2693 923 2758 Scottis
937 2693 1131 2775 impugnati
1144 2694 1236 2758 sint:

287 2815 357 2877 quo
378 2794 481 2858 etiam
511 2802 664 2876 tempore
689 2793 840 2858 Romani
861 2794 1095 2857 monarchiam
1118 2793 1238 2858 mundi

287 2894 404 2977 adepti
419 2894 559 2970 fuerint,
575 2901 611 2957 et
624 2893 821 2958 Scottorum
837 2895 1007 2976 peritiam.
1227 2889 1231 2895 ⁴
1348 2887 1352 2893 ¹

339 2993 414 3058 XI.
447 2994 501 3057 De
525 2994 771 3075 supputatione
795 3012 964 3058 annorum
989 2990 1237 3058 incarnationis
1248 3012 1279 3057 25

288 3093 441 3170 Domini,
471 3092 626 3170 Patricii,
652 3093 817 3175 Brigidae,
842 3092 1080 3172 Columkillae3
1109 3100 1146 3157 et
1168 3113 1237 3176 quo

288 3212 380 3257 anno
395 3193 553 3257 Saxones
568 3193 785 3257 Britanniam
801 3195 970 3258 venerint.

340 3292 437 3357 XII.
460 3290 566 3356 Aliud
591 3294 864 3375 experimentum
889 3294 931 3357 de
951 3300 1030 3357 ortu
1053 3292 1236 3357 Britonum

286 3392 538 3476 indigenarum,
555 3393 796 3457 traditionibus
819 3394 1003 3471 seniorum,
1022 3400 1057 3457 et
1080 3413 1125 3456 ex
1140 3398 1236 3456 vete·

287 3493 381 3556 ribus
407 3487 503 3557 libris
528 3500 683 3557 veterum
709 3494 891 3558 Britonum
916 3495 1115 3572 inventum3
1150 3511 1235 3574 qno·
1248 3509 1281 3554 ao

287 3594 388 3658 modo
403 3600 474 3657 tres
488 3593 550 3656 filii
566 3592 644 3657 Noe
666 3593 858 3658 diviserunt
871 3596 987 3658 orbem
1009 3601 1178 3658 terrarum
1199 3593 1236 3657 in
1274 3629 1275 3632 =

286 3700 357 3757 tres
372 3699 488 3775 partes
502 3700 582 3775 post
596 3693 786 3758 Diluvium.

338 3792 456 3856 XIII.
491 3794 546 3857 De
575 3794 755 3858 nobilitate
785 3795 982 3870 Britonum,
1006 3800 1042 3857 et
1067 3791 1158 3875 quod
1184 3793 1235 3856 illi

286 3893 328 3957 de
344 3913 468 3975 genere
482 3893 505 3957 J
507 3892 613 3975 aphet
632 3894 871 3959 descenderint
890 3915 912 3958 a
929 3894 1078 3976 quodam
1093 3891 1234 3970 Alanio,

286 3992 386 4076 cujus
402 3993 640 4084 genealogiam
663 3996 830 4076 usquead
847 3993 959 4061 Adam
982 3993 1236 4075 protoplastum
1247 4011 1277 4057 as

176 4162 180 4170 ,
285 4093 391 4158 ducit.

398 4308 418 4340 ²⁴
429 4311 465 4358 Et
478 4311 616 4360 Scottorum
624 4311 761 4374 peritiam]
780 4312 821 4360 Ex
831 4311 972 4360 Scottorum
983 4311 1075 4374 peritia
1085 4308 1118 4377 (t)
