2902 4874
619 439 817 487 Arrnuurx.
1143 425 1188 491 69

286 597 326 661 L.
352 597 453 673 Item,
483 596 628 660 aliorum
659 598 776 679 opinio
806 596 943 672 astruit,
972 599 1064 680 quod
1094 608 1186 666 terra

236 717 313 760 eum
328 696 561 778 deglutiverit,
575 717 655 761 cum
675 696 762 760 nihil
783 697 825 761 de
848 717 900 776 eo,
915 697 972 760 vel
993 698 1077 776 suia,
1100 703 1185 765 resi·

235 796 341 859 duum
354 797 502 861 inveniri
516 798 552 860 in
569 804 662 860 terra
675 798 836 879 potuerit.

287 896 349 960 LI.
374 895 476 975 Quod
492 903 641 977 quatuor
655 896 744 960 filios
760 897 990 978 Vortigernus
1004 897 1182 980 habuerit3

206 1012 220 1056 ⁵
235 996 327 1059 etde
343 995 471 1059 Sancto
486 996 629 1075 Fausto,
644 1015 745 1077 quem
761 997 803 1060 de
817 996 890 1059 filia
904 1016 968 1061 sua
981 999 1150 1078 genuerit.

286 1095 371 1159 LII.
406 1096 461 1159 De
483 1094 687 1177 Vortigerni
718 1096 894 1179 progenie,
920 1103 956 1160 et
981 1100 1184 1180 retrograda

234 1215 454 1277 proavorum,
487 1196 704 1274 tritavorum,
742 1204 777 1261 et
812 1204 992 1262 atavorum
1030 1198 1183 1283 ejusdem

235 1314 334 1360 serre.

287 1395 393 1459 LIII.
410 1397 464 1460 De
477 1395 590 1460 reditu
602 1396 721 1460 Sancti
737 1395 915 1475 Germani,
931 1403 967 1460 et
980 1398 1182 1479 captivitate

191 1509 221 1555 ro
236 1493 356 1559 Sancti
368 1494 533 1576 Patricii3
551 1504 585 1560 et
599 1497 771 1578 quomodo
786 1496 934 1560 Romam
950 1497 1028 1559 ierit
1039 1504 1074 1559 et
1082 1497 1183 1579 plura

235 1593 410 1675 didicerit3
434 1605 469 1660 et
484 1595 662 1661 Palladius
678 1596 806 1661 Scottis
823 1596 1072 1678 praedicaturus
1091 1595 1183 1679 apud

236 1693 355 1759 Pictos
369 1697 504 1762 obierit.

287 1794 387 1860 LIV.
411 1795 525 1875 Quod,
540 1798 664 1881 angelo
678 1803 851 1874 monente,
873 1796 917 1859 ad
940 1796 1078 1862 Scottus
1101 1815 1182 1861 con*

238 1895 423 1959 vertendos
439 1896 587 1962 Sanctus
605 1897 777 1961 Patricius
792 1896 916 1960 missus
933 1895 989 1960 sit.

192 2010 223 2055 ιε
289 1994 366 2058 LV.
392 1995 461 2059 Ubi
483 2004 519 2061 et
540 2017 562 2061 a
584 1998 707 2080 quibus
728 1995 876 2059 Sanctus
904 1995 1077 2060 Patricius
1093 1995 1184 2078 epis-

237 2112 343 2176 copus
357 2095 535 2160 ordinatus
556 2099 613 2175 sit,
629 2096 744 2178 ibique
759 2115 883 2160 nomen
900 2116 1000 2159 suum
1022 2097 1183 2160 immuta-

236 2194 336 2258 verit.

288 2293 386 2358 LVI.
411 2294 515 2374 Quod
537 2297 632 2379 prius
650 2295 850 2360 Britcnibus
873 2294 1124 2377 praedicaverit,
1148 2301 1184 2358 et

237 2393 359 2457 deinde
371 2394 408 2457 in
424 2394 630 2460 Hiberniam
644 2395 854 2478 migraverit.

192 2519 225 2564 ao
289 2493 409 2559 LVII.
434 2494 514 2574 Quo
536 2515 628 2560 anno
647 2495 901 2559 Incarnationis
916 2493 1109 2557 Dominicae
1129 2494 1182 2556 in-

238 2593 346 2675 coepit
363 2595 412 2658 ibi
432 2596 632 2676 praedicare,
647 2595 703 2660 vel
724 2595 824 2678 cujus
846 2594 937 2674 regis
961 2599 1125 2674 tempore,
1149 2599 1184 2656 et

238 2700 324 2774 quot
353 2713 463 2758 annos
499 2695 749 2778 praedicaverit,
776 2693 833 2759 vel
861 2699 992 2777 quanta
1018 2693 1185 2756 miracula

143 2874 145 2879 Ι
238 2795 499 2875 perpetraverit.

289 2892 432 2959 LVIII.
449 2893 538 2973 Quae
552 2893 738 2976 scripserit,
748 2900 834 2975 quot
841 2893 1019 2974 episcopos
1030 2889 1184 2954 ecclesiae

193 3008 225 3054 aa
239 2993 295 3056 vel
305 2995 524 3076 presbyteros
544 2994 817 3072 consecraverit;
841 3000 927 3074 quot
941 3010 1039 3073 reges
1063 2997 1099 3054 et
1121 2989 1184 3052 ho·

239 3092 368 3155 minum
390 3094 498 3157 millia
521 3094 760 3176 baptizaverit,
784 3099 820 3156 et
843 3092 901 3155 ubi
924 3111 986 3174 per
1010 3090 1082 3153 dies
1098 3109 1185 3172 qua·

239 3191 400 3273 draginta
410 3193 621 3278 jejunaverit
637 3201 672 3258 et
686 3193 847 3258 oraverit.
954 3249 957 3255 .

290 3291 395 3358 LIX.
429 3292 533 3372 Quod
559 3301 629 3357 tres
655 3295 837 3376 petitiones
861 3292 897 3354 in
924 3309 1047 3353 acervo
1071 3289 1138 3370 Ely
1164 3307 1185 3351 a

239 3391 389 3456 Domino
404 3393 651 3476 impetraverit,
666 3402 701 3458 et
722 3395 759 3456 in
781 3392 893 3474 specie
915 3390 1030 3453 avium
1053 3388 1185 3450 animas

193 3512 225 3558 ao
240 3490 508 3556 Hibernensium
523 3493 675 3557 fidelium
689 3493 733 3556 ad
749 3512 785 3555 se
798 3489 1000 3554 convenisse
1013 3486 1150 3552 viderit.

292 3590 377 3654 LX.
402 3591 505 3671 Quod
523 3600 684 3673 quatuor,
707 3599 741 3656 et
759 3592 882 3674 quibus
898 3587 1021 3664 modis,
1036 3586 1186 3650 Sanctus

159 3765 163 3770 Ι
239 3689 413 3755 Patricius
429 3692 546 3774 Moysi
574 3693 766 3775 legislatori
784 3695 1001 3772 comparetur
1021 3694 1057 3751 et
1079 3686 1186 3769 acqui-

237 3797 391 3872 paretur.

291 3890 397 3956 LXI.
421 3891 476 3955 De
500 3898 610 3955 morte
634 3890 811 3973 Hengisti,
837 3896 873 3953 et
896 3887 988 3970 quod
1010 3893 1089 3967 post
1112 3885 1187 3971 ejus

192 4012 224 4057 aa
239 3991 372 4055 obitum
387 3991 477 4056 Octa
499 3991 590 4054 filius
613 3991 688 4075 ejus
712 3992 824 4055 tenuit
846 4008 990 4070 regnum
1006 3984 1188 4050 Cantuari·

240 4110 421 4255 ensIlrlbInII.
445 4192 499 4256 De
518 4189 649 4257 Arturo
672 4208 753 4271 rege
778 4187 957 4272 belligero,
982 4191 1018 4249 et
1039 4183 1082 4247 do
1103 4182 1188 4250 dno-
