2902 4874
455 402 624 452 lucretur
650 401 801 451 1111111.
1087 384 1131 447 19

183 558 331 623 hominis
359 566 394 623 et
421 557 531 622 altare
559 556 836 640 inseparabiliter
869 575 976 638 supra
1009 555 1132 620 faciem

183 659 295 723 sancti
308 658 462 742 corporis
476 658 604 722 stabat.
655 657 703 722 Et
714 657 879 721 dixerunt
906 655 951 720 ad
967 656 1133 721 Sanctum

185 758 342 836 Iltutum,
359 758 451 822 ‘Ille
475 758 577 823 homo
603 757 671 823 Dei
695 757 949 822 commendavit
970 758 1070 821 nobis
1093 765 1134 822 ut

183 857 427 923 deduceremus
453 858 550 922 illum
575 858 619 921 ad
652 865 699 934 te,
728 864 763 921 et
791 858 1015 940 sepeliremus
1054 877 1133 922 eum

155 981 170 1024 1
184 965 309 1037 tecum,
324 967 360 1023 et
374 979 498 1023 nomen
512 957 588 1042 ejus
607 977 678 1021 nun
699 958 831 1023 reveles
845 958 917 1021 ullo
931 957 1073 1035 homini,
1094 964 1134 1022 11

183 1078 254 1123 non
257 1058 417 1143 jurarent
428 1079 489 1142 per
502 1077 539 1122 se
553 1056 732 1123 homines?
762 1058 809 1123 Et
820 1058 1029 1140 sepelierunt
1042 1078 1133 1135 eum,

183 1166 219 1223 et
235 1168 315 1242 post
330 1160 543 1242 sepulturam
564 1157 616 1221 illi
637 1158 706 1222 duo
727 1157 792 1222 viri
819 1157 949 1222 reversi
978 1165 1060 1222 sunt
1089 1158 1133 1222 ad

183 1261 312 1338 navim,
331 1266 367 1324 et
381 1259 647 1342 navigaverunt.
700 1256 751 1323 At
764 1257 823 1321 ille
837 1257 986 1322 Sanctus
1002 1257 1133 1323 Iltutus

182 1359 361 1424 ecclesiam
376 1359 535 1425 fundavit
557 1359 651 1424 circa
669 1377 795 1442 corpus
810 1359 922 1422 sancti
935 1358 1084 1423 hominis
1097 1366 1134 1422 et

140 1460 274 1523 iccirca
296 1460 419 1535 altare,
436 1467 471 1523 et
484 1467 601 1524 manet
624 1478 735 1542 usque
759 1460 797 1523 in
820 1460 1021 1523 hodiernum
1043 1458 1133 1522 diem

183 1560 291 1624 altare
306 1567 391 1623 nutu
410 1561 477 1625 Dei
491 1559 659 1623 fulcitum.
712 1559 820 1624 Venit
836 1559 976 1641 quidam
992 1559 1133 1641 regulus

183 1667 222 1723 ut
245 1661 419 1742 probaret,
442 1667 586 1742 portans
608 1660 743 1742 virgam
764 1659 799 1721 in
819 1677 925 1722 manu
943 1677 1030 1737 sua3
1054 1677 1132 1722 cur·

183 1761 280 1824 ravit
311 1780 388 1824 eam
423 1761 515 1824 circa
547 1760 657 1823 altare
687 1759 852 1821 ambabus
891 1759 1063 1836 manibus,
1097 1766 1133 1822 et

184 1861 294 1925 tenuit
336 1861 503 1924 ambabus
539 1859 698 1923 manibus
734 1859 869 1940 virgam
909 1877 954 1920 ex
986 1865 1133 1941 utraque

140 1979 171 2022 re
183 1968 282 2043 parte
316 1968 353 2025 et
380 1961 490 2024 traxit
524 1959 568 2024 ad
601 1979 651 2038 se,
684 1966 721 2023 et
753 1959 803 2021 sic
826 1957 1007 2022 veritatem
1040 1958 1134 2021 illius

183 2061 355 2142 probavit,
385 2068 422 2125 et
451 2061 509 2125 ille
536 2067 659 2142 postea
686 2079 749 2143 per
776 2077 930 2123 mensem
960 2058 1133 2142 integrum

183 2179 254 2224 non
281 2161 383 2226 vixit.
435 2159 538 2225 Alter
567 2179 649 2225 vero
683 2160 747 2223 sub
780 2159 890 2224 altare
919 2160 1069 2242 aspexit,
1098 2167 1134 2224 et

78 2333 81 2338 ,
183 2260 292 2324 aciem
320 2261 497 2325 oculorum
526 2259 602 2343 ejus
635 2260 761 2335 amisit,
796 2267 833 2324 et
869 2267 949 2323 ante
982 2278 1133 2323 mensem

185 2362 358 2443 integrum
371 2361 479 2425 vitam
495 2361 618 2425 finivit.

139 2482 171 2527 11
236 2462 323 2545 §72
348 2461 395 2526 Et
417 2462 510 2525 aliud
534 2458 689 2525 mirabile
710 2459 747 2521 in
769 2455 968 2541 supradicta
993 2457 1134 2538 regione
1254 2445 1256 2449 ¹

186 2561 315 2627 Guent.
368 2562 434 2628 Est
451 2563 499 2625 ibi
513 2561 590 2624 fons
604 2559 711 2644 juxta
724 2558 854 2623 vallum
869 2557 965 2641 putei
984 2557 1133 2634 Mouric,

185 2670 220 2727 et
248 2663 380 2745 lignum
406 2663 443 2725 in
472 2661 584 2725 medio
611 2659 729 2736 fontis,
758 2667 794 2723 et
826 2660 948 2724 lavant
977 2658 1134 2723 homines

185 2782 307 2826 manus
349 2781 431 2826 suas
483 2781 562 2826 cum
603 2759 754 2823 faciebus
798 2760 883 2837 suia,
924 2766 961 2823 et
1000 2757 1133 2840 lignum

185 2863 248 2926 sub
272 2862 417 2946 pedibus
442 2863 514 2925 suis
537 2861 665 2924 habent
689 2860 828 2941 quando
855 2860 987 2924 lavant.
1040 2858 1133 2923 Nam

140 2992 171 3036 2⁶
185 2983 250 3046 ego
273 2962 418 3045 probavi
439 2969 474 3026 et
497 2961 568 3025 vidi
589 2958 728 3042 quando
752 2979 846 3023 mare
871 2960 1059 3024 inundatur
1089 2959 1133 3023 ad

184 3063 361 3126 mellinum
374 3058 574 3126 extenditur
588 3059 735 3124 Sabrina
753 3060 857 3143 super
878 3080 1014 3125 emnem
1029 3060 1133 3124 mari·

185 3165 305 3228 timam
320 3170 356 3227 et
369 3164 468 3244 tegit,
484 3170 520 3226 et
534 3180 644 3243 usque
663 3159 707 3223 ad
729 3159 859 3224 fontem
874 3161 1084 3243 perducitur,
1099 3167 1135 3224 et

185 3265 347 3348 impletur
361 3263 440 3327 fons
459 3263 502 3327 de
521 3263 611 3325 sissa
632 3260 800 3338 Sabrinae,
820 3267 856 3325 et
878 3261 986 3325 trahit
1001 3260 1133 3341 lignum

186 3383 302 3428 secum
326 3383 435 3447 usque
459 3364 503 3427 ad
526 3381 620 3425 mare
642 3380 819 3442 magnum,
842 3368 878 3424 et
898 3380 961 3443 per
981 3360 1132 3441 spatium

140 3491 173 3535 ae
188 3466 290 3530 trium
305 3464 437 3528 dierum
451 3464 487 3527 in
504 3482 599 3526 mare
613 3460 810 3538 invertitur,
831 3467 867 3524 et
888 3459 924 3522 in
938 3465 1064 3540 quarto
1079 3459 1134 3522 die

185 3565 223 3628 in
236 3566 434 3648 supradicto
449 3564 544 3629 sonte
558 3561 743 3627 invenitur.
766 3628 768 3631 ,
791 3560 936 3623 Factum
950 3566 1004 3622 est
1018 3564 1134 3622 autem

186 3674 225 3731 ut
240 3685 330 3728 unus
345 3666 387 3729 de
403 3665 539 3729 rusticis
561 3661 723 3744 sepeliret
745 3680 822 3724 eum
836 3661 874 3724 in
888 3666 981 3723 terra
996 3658 1040 3722 ad
1053 3678 1133 3741 pro-

223 3907 242 3940 ¹⁹
270 3902 390 3976 finivit]
430 3907 465 3955 D.
495 3906 554 3954 here
584 3905 647 3955 ende
673 3906 742 3967 dian,
753 3904 836 3952 whom
855 3918 895 3952 we
913 3906 979 3951 meet
995 3901 1057 3950 with
1072 3917 1134 3951 asa

187 3980 315 4041 abruptly.
673 3974 851 4038 mythological
870 3987 1026 4034 personage3
1047 3973 1094 4019 but
1114 3973 1135 4020 it

221 4048 239 4078 ²¹
262 4043 384 4116 Menaria]
416 4047 457 4097 Sir
479 4049 505 4097 S.
528 4046 647 4109 Meyrick
672 4046 759 4095 would
781 4059 848 4093 seem
867 4079 873 4093 .
893 4079 899 4092 .
918 4079 925 4093 .
945 4046 995 4092 ,1ο
1013 4043 1045 4091 be
1062 4056 1135 4106 occa7

185 4135 316 4185 presumee
337 4120 392 4168 that
407 4117 475 4166 ‘this
492 4118 515 4166 is
530 4117 572 4166 the
589 4117 646 4178 peel
672 4112 1135 4176 sionallyoverflowedbythesevern!

186 4191 256 4242 iteelt‘
270 4191 299 4240 ci
318 4190 427 4253 Meuric,
445 4188 500 4237 that
522 4189 544 4236 is
562 4187 646 4238 Guar·
673 4188 778 4248 Mounc,
791 4186 824 4235 Β.
839 4185 867 4234 C.
