2902 4874
326 404 370 468 28
599 419 772 472 nisronin
797 416 999 478 nnmerum,

327 583 431 657 utque
453 582 589 639 astutus
608 583 643 639 et
663 576 819 653 callidus,
836 596 912 639 cum
932 575 1148 658 explorasset
1175 594 1279 658 super

327 696 442 757 regem
465 676 610 739 inertem
635 683 670 739 et
693 695 797 757 super
819 684 957 757 gentem
978 676 1083 754 illius,
1096 675 1187 757 quod
1203 677 1277 739 sine

327 776 431 838 annis
460 777 656 853 utebantur,
682 776 768 840 inito
791 777 946 854 consilio,
969 776 1058 839 dixit
1087 776 1130 839 ad
1160 796 1277 857 regern

165 875 315 967 {ffgssggnggn
327 875 593 953 Brittannicum,
621 875 754 939 ‘Pauci
773 895 903 953 sumus,
919 877 949 939 si
964 877 1017 940 vis
1032 877 1208 939 mittemus
1231 877 1276 940 ud

165 976 289 1075 ssgffyfffl·
325 976 473 1057 patriam
487 983 653 1052 nestram,
662 984 702 1040 ut
715 976 900 1039 invitemus
914 976 1040 1040 milites
1055 976 1097 1039 de
1111 976 1276 1039 militibus
1306 1002 1321 1046 ⁵

325 1083 453 1139 nostrae
465 1076 627 1157 regionis,
639 1083 678 1139 ut
693 1075 839 1158 amplior
851 1077 897 1140 sit
906 1095 1067 1140 numerus
1082 1075 1126 1138 ad
1140 1083 1276 1138 certun-

324 1175 406 1237 dum
420 1195 483 1258 pro
498 1184 545 1253 te,
565 1184 601 1240 et
615 1196 677 1258 pro
691 1183 795 1257 gente
809 1175 893 1239 tua!
945 1176 991 1239 Et
1002 1176 1060 1238 ille
1073 1176 1274 1258 impetravit

324 1282 363 1338 ut
378 1275 541 1352 facerent,
553 1282 588 1339 et
603 1277 780 1352 miserunt,
792 1282 827 1338 et
841 1275 948 1356 legati
961 1274 1273 1339 transfretaverunt

323 1381 420 1438 trans
435 1374 619 1458 'Pythicam
633 1374 770 1452 vallem,
787 1382 822 1438 et
841 1375 969 1438 reversi
982 1382 1064 1438 sunt
1078 1395 1155 1438 cum
1171 1374 1270 1438 ciulis

326 1474 486 1553 sedecim,
510 1483 546 1539 et
568 1475 694 1538 milites
718 1475 818 1539 electi
839 1483 1009 1539 venerunt
1029 1475 1065 1538 in
1089 1475 1169 1551 illis,
1183 1483 1218 1539 et
1238 1475 1276 1538 in
1291 1494 1323 1539 ιο

324 1593 394 1639 una
409 1575 500 1639 ciula
521 1594 567 1637 ex
591 1576 640 1637 eis
664 1575 760 1638 venit
779 1575 895 1657 puella
919 1575 1040 1658 pulcra
1063 1573 1149 1637 sacie
1169 1584 1274 1657 atque

323 1674 487 1739 decerosa
501 1674 614 1751 valde,
628 1674 701 1737 filia
710 1674 913 1756 Hencgesti.
951 1673 1142 1756 Postquam
1156 1682 1272 1738 autem

322 1776 499 1838 venissent
513 1775 624 1851 ciulae,
633 1774 715 1838 fecit
724 1774 938 1857 Hencgistus
953 1775 1149 1838 convivium
1159 1773 1274 1839 Guor-

323 1873 474 1955 thigirnc
501 1881 537 1937 et
565 1874 730 1937 militibus
753 1874 836 1950 suis,
859 1882 894 1938 et
915 1875 1095 1957 interpreti
1117 1894 1191 1952 suo,
1215 1876 1274 1957 qui

322 1975 512 2037 vocabatur
537 1972 683 2051 Ceretie,
708 1982 744 2038 et
771 1973 920 2057 puellam
943 1974 1050 2057 jussit
1077 1974 1318 2039 ministrarem

321 2073 391 2136 illis
405 2074 524 2137 vinum
540 2081 574 2137 et
589 2074 746 2152 siceram,
761 2083 797 2139 et
809 2074 969 2138 inebriati
982 2083 1064 2139 sunt
1078 2081 1113 2138 et
1126 2077 1274 2139 saturati

322 2173 434 2237 nimis.
487 2174 563 2237 Illis
583 2181 698 2237 autem
717 2175 923 2251 bibentibus,
936 2175 1081 2239 intravit
1097 2174 1272 2238 Sathenas

320 2272 358 2336 in
372 2261 474 2337 ccrde
488 2272 707 2355 Gurthigirni
725 2282 764 2338 ut
778 2282 911 2338 amaret
925 2275 1086 2356 puellam,
1099 2281 1134 2338 et
1147 2282 1268 2357 postu-

321 2373 407 2437 lavit
432 2394 508 2437 eam
534 2394 556 2438 a
578 2382 676 2456 patre
701 2393 764 2438 suo
784 2394 846 2457 per
859 2375 1082 2457 interpretem
1108 2393 1219 2452 suum,
1236 2382 1272 2438 et

321 2472 422 2550 dixit,
438 2478 447 2507 ‘
461 2473 572 2537 Omne
586 2473 677 2555 quod
692 2475 848 2556 postulas
863 2493 885 2536 a
898 2493 952 2537 me
965 2475 1176 2557 impetrabis
1191 2475 1318 2538 licetne

321 2573 497 2636 dimidium
517 2574 616 2656 regni
633 2574 724 2638 mei.’
788 2574 833 2637 Et
849 2573 1075 2656 HencgistuS,
1088 2575 1175 2639 inito
1189 2594 1271 2639 con-

320 2672 397 2737 silio
422 2693 499 2736 cum
518 2675 589 2737 suis
613 2675 817 2750 senioribus,
832 2673 891 2754 qui
910 2682 1078 2738 venerant
1098 2693 1214 2737 secum
1229 2674 1271 2738 de

319 2772 434 2836 insula
444 2773 597 2855 Oghgul,
609 2774 691 2854 quid
703 2780 859 2856 peterent
868 2773 943 2853 regi
951 2793 1014 2854 pro
1026 2774 1152 2854 puella,
1164 2794 1271 2837 unum

319 2874 500 2936 consilium
523 2892 601 2936 cum
622 2874 691 2936 illis
714 2873 870 2937 omnibus
884 2872 962 2950 fuit,
977 2881 1017 2937 ut
1038 2880 1195 2954 peterent
1216 2894 1270 2938 re-

319 2973 467 3053 gionem,
482 2993 559 3054 quae
574 2973 610 3035 in
624 2973 745 3054 lingua
758 2992 874 3036 eorum
889 2980 1034 3036 vocatur
1049 2971 1267 3054 Cantguara-
1284 2984 1315 3028 25

318 3071 412 3148 lund,
435 3073 471 3134 in
497 3080 616 3136 nestra
644 3080 760 3136 autem
787 3072 907 3154 lingua
929 3071 1054 3136 Chent.
1107 3073 1153 3136 Et
1177 3073 1273 3137 dedit

354 3313 553 3382 ¹Explcrusset.]
568 3319 782 3382 Explorassetque
807 3321 916 3382 studeat,
939 3322 984 3381 qui
1005 3321 1083 3384 legat,
1106 3337 1155 3382 quo
1178 3328 1270 3371 eventu

318 3400 402 3448 regern
413 3387 541 3437 indoctum
558 3393 584 3436 et
600 3395 699 3452 gentem
711 3393 782 3453 vagi·
806 3391 890 3439 evenit
900 3391 950 3451 ipsi
962 3391 1016 3439 viro
1027 3391 1167 3452 intelligere
1178 3407 1270 3440 serino·

316 3460 419 3519 tantem,
429 3462 455 3506 et
466 3458 519 3507 sine
536 3460 612 3509 annis
630 3475 783 3510 commoran-
806 3475 863 3508 nem
885 3460 1021 3509 Saxonum.
1058 3461 1201 3522 Hengistus
1223 3463 1271 3510 ite·

317 3529 377 3588 tem,
388 3527 458 3588 inito,
469 3543 492 3578 α.
806 3545 854 3592 que
866 3530 977 3592 puellum
985 3531 1074 3592 jussit,
1092 3531 1126 3579 G.
1140 3532 1161 3579 1.
1174 3533 1209 3580 K.
1220 3548 1227 3591 ς
1244 3532 1270 3579 in

352 3592 452 3651 ²Quul
468 3633 475 3646 .
494 3633 501 3646 .
519 3598 688 3663 .utebautur.]
715 3600 781 3651 Quae
805 3600 889 3649 which
905 3601 955 3649 last
966 3600 1022 3649 MS.
1035 3600 1143 3648 ‘Elmet'
1155 3601 1270 3649 isanin-

318 3667 564 3730 ...utebatur,A.
577 3669 611 3717 Β.
805 3670 923 3718 terlinear
945 3670 1022 3731 gloss.
1060 3670 1094 3718 N.
1117 3671 1204 3730 places
1226 3670 1269 3719 the

352 3732 363 3765 ⁹
384 3736 510 3799 Tytliicum
520 3738 627 3800 vallem]
645 3738 781 3787 scithicum
804 3739 887 3788 whole
899 3740 925 3788 in
935 3740 978 3788 the
989 3741 1096 3801 margin.

316 3805 417 3867 vallem,
429 3807 463 3855 D.
476 3808 508 3855 Ε.
522 3807 561 3868 b.;
578 3808 709 3870 Scithinm,
720 3823 744 3858 a.
840 3805 862 3839 ²³
881 3810 1005 3872 Ogbgul.]
1042 3809 1139 3871 Angul,
1167 3810 1200 3859 Ε.
1225 3809 1269 3870 b.;

351 3872 362 3905 ⁹
376 3876 456 3924 Ciulis
468 3876 521 3939 lu]
539 3877 639 3926 Chiulis
651 3883 692 3941 17,
703 3879 738 3928 D.
747 3879 780 3928 Ε.
805 3878 916 3941 Oehgul,
928 3879 980 3944 (vel
991 3876 1102 3942 Tingle,)
1116 3894 1140 3928 a.

319 3946 352 3994 G.
366 3945 403 3994 H.
416 3946 449 3995 P.
838 3945 859 3978 ²⁵
873 3949 1093 4012 Cantgunruland.]
1111 3949 1269 4011 Cunturguo·

351 4012 371 4043 ¹⁶
390 4015 506 4078 ceretiu]
524 4017 625 4079 Cerdic,
636 4019 671 4067 D.
683 4019 715 4067 Ε.
729 4018 762 4067 P.
773 4034 780 4077 3
791 4018 882 4101 palen,
893 4019 927 4068 Α.
939 4020 973 4068 Β.
988 4021 1033 4078 C.;
1051 4019 1268 4082 Contgaurelaun‚

316 4083 407 4133 Cerdic
436 4086 527 4148 Elinet,
563 4087 633 4136 nullo
667 4089 780 4137 Brittone
804 4088 853 4147 E.;
870 4104 928 4149 quae
949 4093 1054 4136 vocatur
1065 4089 1173 4150 Anglice
1193 4091 1268 4139 Cent-

317 4153 458 4204 Brittcnum
470 4156 563 4206 sciente
572 4158 721 4206 Saxonicum
732 4159 780 4205 lin·
791 4158 873 4223 jand,
885 4158 1030 4206 Britannice
1043 4163 1127 4207 autern
1139 4160 1232 4222 Caeint,
1243 4177 1266 4208 a.

316 4237 391 4283 guam
408 4231 500 4284 praeter
521 4228 597 4275 istum
622 4228 793 4286 Brittonem;l
