2902 4874
479 404 649 452 nuoronn
672 403 822 452 nnunro.
1084 391 1128 459 61

177 564 213 626 in
240 582 311 625 una
341 564 557 645 longitudino
586 565 811 631 inveniuntur
840 565 1059 648 sepulchrum
1094 575 1130 631 et

177 663 296 741 homo;
312 670 347 726 et
363 664 393 726 si
404 664 507 728 suerit
523 665 624 731 horno
636 667 750 731 brevis
766 674 802 730 et
816 686 945 750 parvus
959 667 1129 744 similiter,

178 771 213 828 et
241 763 423 846 longitudo
452 767 625 848 sepulchri
648 767 755 852 juxta
784 774 954 831 staturam
982 768 1129 831 hominis

177 864 363 928 invenitur.
417 864 462 929 Et
491 866 521 928 si
552 866 656 931 suerit
685 867 809 949 longus
840 875 943 950 atque
969 888 1130 950 procerus

149 963 281 1030 tetiam
296 965 326 1026 si
341 963 463 1028 suisset
482 966 518 1028 in
542 967 759 1048 longitudine
774 974 923 1048 quatuor
938 969 1127 1031 cubitorum

173 1063 280 1147 juxta
295 1071 465 1128 staturam
484 1066 755 1150 uniuscujusque
776 1066 923 1130 hominis
942 1067 992 1130 sic
1016 1075 1131 1131 tumu-

178 1164 232 1228 lus
250 1165 430 1246 reperitur.
483 1165 530 1228 Et
544 1168 655 1230 omnis
675 1162 877 1250 peregrinus
898 1166 1131 1251 taediosusque

179 1263 292 1340 homo,
308 1265 339 1327 si
354 1272 423 1328 tres
439 1264 616 1329 flectiones
631 1267 824 1332 flectaverit
834 1266 941 1351 juxta
952 1267 1049 1345 illud,
1061 1288 1131 1332 non

179 1365 249 1433 erit,
260 1364 401 1429 taedium
413 1385 517 1447 super
529 1386 566 1430 se
578 1386 688 1449 usque
703 1368 747 1432 ad
759 1366 849 1431 diem
864 1368 983 1432 mortis
995 1387 1079 1446 suae,
1096 1376 1131 1432 et

135 1485 168 1531 ro
179 1483 248 1528 non
263 1465 466 1546 gravabitur
481 1466 604 1529 iterum
620 1467 691 1530 ullo
706 1467 927 1531 taedioetiam
951 1467 980 1530 si
1002 1469 1131 1533 abisset

179 1565 273 1627 solus
287 1565 324 1629 in
338 1566 502 1629 extremis
517 1567 643 1630 finibus
660 1567 777 1631 cosmi.

231 1765 317 1849 §75.
342 1766 497 1831 Primum
523 1769 724 1832 miraculum
748 1773 802 1831 est
823 1765 906 1830 litus
925 1766 1000 1831 sine
1020 1767 1129 1845 mari;

179 1867 367 1930 secundum
390 1869 605 1946 miraculum,
628 1877 682 1932 est
706 1867 751 1931 ibi
772 1886 871 1931 mons
900 1867 960 1949 qui
987 1874 1132 1950 gyratur

179 1965 289 2029 tribus
310 1968 443 2032 vicibus
470 1969 506 2032 in
537 1988 649 2048 anno;
682 1968 821 2032 tertium
850 1966 1053 2030 miraculum
1078 1975 1132 2031 est

136 2065 301 2143 rtvadns,
327 2068 465 2149 quando
494 2069 681 2132 inundatur
704 2087 799 2132 mare
822 2064 858 2130 et
881 2067 955 2149 ipse
984 2057 1131 2130 inunda-

181 2172 249 2243 tur,
275 2174 311 2230 et
333 2168 471 2250 quando
485 2169 653 2232 decrescit
674 2187 769 2231 mare
792 2172 827 2230 et
846 2167 920 2248 ipse
944 2168 1129 2247 minuitur;

181 2273 342 2346 quartum
368 2268 571 2332 miraculum
606 2276 661 2333 est
688 2268 777 2350 lapis
808 2265 866 2348 qui
903 2266 1059 2330 ambulat
1094 2267 1130 2329 in

182 2367 359 2430 nocturnis
382 2369 591 2450 temporibus
618 2387 723 2450 super
751 2366 877 2432 vallem
896 2364 1073 2443 Citheinn,
1095 2374 1131 2430 et

181 2466 355 2550 projectus
371 2475 425 2532 est
437 2468 518 2532 olim
534 2469 571 2532 in
581 2468 749 2550 voragine
767 2467 931 2543 CereuuS,
947 2466 1006 2548 qui
1021 2468 1075 2529 est
1094 2466 1130 2528 in

135 2584 168 2630 20
181 2566 293 2631 medio
320 2568 435 2650 pelagi
457 2568 548 2650 quod
570 2575 717 2633 vocatur
743 2568 859 2643 Mene,
874 2573 910 2630 et
926 2567 963 2630 in
978 2566 1129 2630 crastino

180 2685 285 2749 super
312 2668 422 2750 ripam
435 2668 653 2751 supradictae
672 2669 774 2735 vallis
790 2671 958 2732 inventus
978 2675 1031 2730 est
1055 2667 1129 2729 sine

180 2766 296 2831 dubio.

233 2866 319 2950 576.
343 2867 408 2933 Est
427 2868 476 2933 ibi
495 2877 658 2951 stagnum
679 2870 771 2952 quod
790 2876 935 2933 vocatur
950 2864 1129 2941 Luchlein,

181 2974 329 3048 quatuor
348 2969 483 3034 circulis
506 2970 665 3034 ambitur.
718 2969 837 3053 Primo
853 2966 981 3031 circulo
996 2983 1130 3048 gronna

136 3068 297 3135 rostanni
321 3069 480 3146 ambitur,
509 3069 660 3134 secundo
684 3069 811 3134 circulo
841 3085 976 3148 gronna
1000 3065 1129 3148 plumbi

181 3168 341 3245 ambitur,
354 3170 456 3232 tertio
470 3169 597 3233 circulo
613 3190 748 3253 gronna
756 3169 848 3244 ferri,
863 3174 987 3251 quarto
1002 3165 1129 3228 circulo

180 3285 316 3346 gronna
334 3268 413 3332 aeris
435 3269 596 3346 ambitur,
612 3271 697 3336 etin
711 3291 753 3335 eo
767 3276 892 3349 stagno
906 3267 1024 3332 multae
1040 3284 1130 3329 mar·

181 3365 303 3445 garitae
318 3368 553 3447 inveniuntur,
572 3390 659 3453 quas
673 3377 808 3454 ponunt
821 3386 919 3450 reges
937 3367 973 3430 in
991 3365 1130 3428 auribus

180 3483 264 3530 suis.

137 3563 1129 3653 mmmwmfflmmmmm

179 3663 331 3747 lapides3
360 3667 516 3734 homines
543 3677 658 3735 autem
685 3671 822 3752 fingunt
846 3668 955 3750 ligna,
977 3672 1013 3730 et
1033 3671 1129 3747 post-

216 3961 237 3995 ¹³
253 3967 372 4016 Prefixed
389 3972 416 4018 to
434 3967 485 4016 thir
504 3967 600 4016 rectior
616 3969 643 4016 in
704 3963 724 3996 ¹⁵
742 3960 879 4032 colena]
900 3965 1015 4024 Ciheinn,
1027 3961 1061 4010 Β.
1075 3961 1104 4008 C.

182 4035 205 4086 Ι.
225 4036 248 4084 ie
264 4036 306 4086 the
322 4038 387 4101 title,
405 4037 466 4087 ‘De
484 4038 642 4088 mirabilibus
704 4033 724 4064 ²³
739 4036 747 4063 ‘
760 4035 801 4084 De
812 4035 969 4084 mirabilibus
982 4029 1129 4092 Hibemiae‚’

181 4105 276 4155 Moniae
287 4107 397 4158 insulael
651 4124 653 4157 t
667 4105 782 4169 prefixed
793 4119 823 4155 as
835 4121 851 4154 a
862 4106 916 4154 title
928 4105 954 4153 in
967 4105 990 4154 Ι.
