2902 4874
325 375 368 438 30
598 390 769 437 fflsronm
794 390 996 450 murouuru,

324 547 543 611 multitudine
567 556 735 612 venerunt
761 549 805 612 ad
831 548 1064 630 supradictam
1100 548 1275 612 civitatem

326 645 526 711 Cantorum.
1271 706 1274 710 .

164 763 282 853 vortiaeru¹
378 746 395 828 ᾗ
409 747 463 810 39.
483 747 506 811 J
509 766 565 810 am
579 747 812 829 superomnia
825 747 917 811 mala
932 747 1097 831 adjiciens
1108 745 1274 811 Guorthi-

162 815 299 953 §difidi-
326 846 445 927 girnus
460 847 593 928 accepit
607 846 714 910 filiam
728 867 828 910 suam
843 867 986 912 uxorem
1000 848 1076 923 sibi,
1092 855 1127 911 et
1141 848 1275 928 peperit

173 925 206 960 οῖ’
326 946 358 1009 ei
372 946 501 1026 filium3
526 954 561 1010 et
580 947 645 1010 hoc
668 967 745 1009 cum
766 955 977 1028 compertum
999 954 1090 1010 esset
1110 966 1132 1009 a
1145 945 1274 1011 Sancto
1304 962 1319 1005 5

327 1044 513 1123 Germano,
539 1067 616 1110 eum
644 1048 814 1129 corripere
842 1049 938 1112 venit
963 1066 1040 1111 cum
1064 1046 1158 1110 omni
1182 1046 1274 1111 clero

326 1145 536 1211 Brittonum.
589 1147 637 1211 Et
659 1148 740 1210 dum
755 1154 926 1211 conventa
943 1154 1034 1211 esset
1049 1165 1177 1228 magna
1191 1166 1274 1230 syn-

325 1245 412 1309 odus
440 1247 641 1313 clericorum
672 1267 712 1311 ac
739 1247 904 1310 laicorum
940 1248 977 1310 in
1017 1266 1087 1310 uno
1117 1247 1274 1324 consiliu,

324 1345 399 1426 ipse
413 1367 476 1410 rex
491 1348 698 1430 praemonuit
721 1347 826 1410 filiam
840 1367 939 1410 suam
953 1355 993 1411 ut
1007 1347 1118 1410 exiret
1132 1347 1176 1409 ad
1192 1366 1275 1410 con-

325 1454 479 1524 ventum,
489 1455 524 1511 et
532 1455 571 1511 ut
582 1447 680 1511 daret
690 1447 797 1510 filium
810 1466 910 1511 suum
924 1448 960 1510 in
974 1448 1086 1510 sinum
1096 1445 1275 1524 Germani,
1289 1461 1321 1507 ro

326 1553 361 1609 et
374 1555 414 1611 ut
429 1546 557 1612 diceret
578 1546 669 1629 quod
694 1548 768 1628 ipse
790 1556 865 1612 erat
886 1555 985 1629 pater
999 1547 1082 1627 filii3
1105 1553 1140 1611 et
1153 1546 1276 1612 mulier

73 1742 78 1751 ι
163 1662 312 1753 322ngng
326 1644 408 1710 iecit
435 1648 525 1711 sicut
547 1654 622 1711 erat
645 1646 778 1710 edocta.
831 1646 1026 1710 Germanus
1054 1656 1170 1711 autem
1196 1666 1275 1710 eum

291 1741 296 1760 '
325 1746 473 1828 benigne
493 1747 626 1828 accepit
645 1754 680 1810 et
699 1746 811 1810 dicere
831 1747 949 1829 coepit,
965 1753 975 1781 ‘
991 1746 1098 1810 Pater
1117 1747 1180 1811 tibi
1203 1767 1274 1824 ero,

326 1865 389 1908 nec
411 1853 446 1910 te
468 1846 650 1923 dimittam,
667 1847 734 1909 nisi
753 1846 836 1909 mihi
857 1846 1027 1933 novacula
1049 1866 1126 1909 cum
1146 1846 1275 1928 forcipe

325 1947 528 2028 pectineque
540 1947 651 2024 detur,
663 1946 750 2010 etad
764 1953 898 2028 patrem
911 1954 1009 2010 tuum
1024 1946 1197 2010 carnalem
1211 1947 1275 2010 tibi
1288 1957 1319 2001 1⁵

326 2045 408 2109 dare
422 2046 548 2110 liceat!
604 2047 651 2110 Et
664 2046 816 2111 obedivit
828 2067 925 2128 puer,
937 2053 972 2110 et
986 2065 1095 2128 usque
1110 2046 1154 2108 ad
1170 2065 1274 2110 avum

326 2163 426 2208 suum
452 2154 653 2228 patremque
681 2147 856 2211 carnalem
884 2145 1171 2227 Guorthigirnum
1195 2165 1273 2227 per-

327 2246 429 2322 rexit,
452 2255 487 2311 et
510 2267 596 2329 puer
617 2247 668 2310 illi
696 2247 796 2323 dixit,
823 2244 954 2310 ‘Pater
979 2265 1074 2309 meus
1098 2264 1148 2320 eS,
1169 2252 1274 2327 caput

326 2364 439 2408 meum
454 2346 559 2410 tonde
574 2355 609 2411 et
622 2366 755 2411 comam
766 2346 889 2427 capitis
900 2346 990 2409 mei!
1047 2346 1093 2409 Et
1106 2345 1165 2408 ille
1178 2345 1274 2408 siluit

325 2452 360 2508 et
374 2447 495 2523 tacuit,
515 2455 551 2511 et
569 2466 675 2529 puero
690 2448 896 2529 respondere
910 2445 1033 2523 noluit,
1049 2444 1109 2508 sed
1123 2446 1275 2511 surrexit
1287 2455 1320 2500 2⁰

324 2551 360 2608 et
372 2546 481 2610 iratus
495 2555 549 2611 est
562 2547 675 2623 valde,
689 2554 729 2610 ut
752 2566 774 2610 a
793 2544 880 2610 facie
904 2545 1024 2609 Sancti
1038 2543 1205 2611 Germani
1219 2545 1273 2608 su-

325 2653 433 2725 geret,
456 2655 492 2712 et
515 2646 716 2710 maledictus
744 2654 809 2723 est,
831 2654 866 2710 et
889 2645 1073 2711 damnatus
1098 2665 1121 2709 a
1144 2645 1273 2710 Sancto

326 2742 501 2810 Germano
515 2754 550 2810 et
566 2748 659 2809 omni
675 2746 873 2809 Brittonum
888 2745 1043 2809 consiliu.

164 2849 314 2943 8322}ssss
377 2843 472 2926 §db
505 2846 553 2909 Et
579 2852 701 2926 postea
730 2865 792 2908 rex
822 2846 865 2908 ad
887 2865 931 2914 se
962 2845 1124 2910 invitavit
1152 2863 1273 2924 magos

164 2952 215 2991 dun·
325 2961 418 3018 suos,
432 2950 472 3006 ut
486 2944 568 3026 quid
584 2945 712 3008 faceret
727 2946 770 3008 ab
794 2945 843 3007 eis
866 2945 1106 3027 interrogaret.
1158 2941 1209 3007 At
1224 2944 1274 3006 illi
1287 2961 1320 3005 aa

325 3041 498 3120 dixerunt,
515 3050 525 3078 ‘
542 3043 586 3107 In
607 3051 780 3107 extremos
802 3044 888 3107 fines
912 3046 1010 3126 regni
1035 3044 1087 3109 tui
1112 3042 1211 3120 vade,
1240 3051 1275 3107 et

325 3160 438 3205 arcem
463 3145 630 3207 munitam
652 3144 820 3220 invenies,
847 3151 886 3207 ut
913 3152 948 3208 te
974 3142 1161 3221 defendas3
1193 3144 1276 3225 quia

325 3261 422 3322 genS,
437 3262 540 3324 quam
555 3243 737 3324 suscepisti
754 3244 791 3306 in
809 3263 916 3325 regno
931 3250 1004 3320 tuo,
1017 3243 1149 3309 invidet
1162 3244 1225 3306 tibi
1240 3251 1275 3307 et

324 3348 360 3403 te
380 3362 442 3424 per
455 3343 570 3406 dolum
589 3343 732 3420 occidet,
747 3350 782 3406 et
802 3344 981 3407 universas
1004 3345 1174 3425 regiones
1188 3362 1275 3424 quas

225 3485 227 3488 -
325 3444 461 3520 amasti,
483 3444 666 3526 occupabit
690 3463 767 3506 cum
797 3451 858 3507 tua
881 3445 1043 3507 universa
1069 3450 1172 3524 gente
1196 3450 1321 3524 posteo

324 3551 469 3607 mortem
495 3543 613 3609 tuam’
665 3544 712 3607 Et
733 3552 855 3626 postea
877 3545 952 3626 ipse
974 3563 1051 3606 cum
1072 3543 1183 3624 magis
1204 3543 1275 3605 suis

361 3763 369 3795 ¹
397 3765 548 3830 Civitatem]
577 3768 723 3830 Regionem,
752 3769 786 3818 D.
812 3769 934 3830 chaeolog.
946 3785 972 3830 p.
981 3772 1039 3831 aar,
1050 3767 1100 3816 and
1111 3767 1277 3829 particularly

326 3836 376 3884 and
389 3836 421 3885 P.
433 3852 522 3899 marg,
533 3853 556 3886 α.
813 3839 947 3899 Mabillon,
965 3839 1032 3886 Acta
1054 3838 1138 3887 Sanct.
1162 3837 1226 3887 Ord.
1249 3839 1275 3888 S.

360 3903 429 3954 ⁹Ad
447 3908 607 3970 conventum]
642 3908 685 3956 Ad
714 3923 788 3970 syno-
814 3909 910 3958 Bened.
922 3923 973 3958 sec.
985 3921 1080 3969 v111.p.
1092 3909 1110 3958 i.
1123 3908 1275 3970 Praef.§1r.

325 3978 395 4037 dum,
405 3992 428 4025 c.
848 3975 869 4008 2⁴
888 3979 1005 4026 Invitavit
1015 3993 1099 4040 magor
1109 3978 1185 4041 ouon]
1208 3979 1276 4026 Invi·

360 4045 533 4109 ¹⁴Dimittam.]
543 4047 699 4109 Pennittam,
707 4048 788 4097 MSS.
813 4049 872 4097 tatis
880 4052 911 4097 12
919 4049 1010 4110 magis,
1017 4065 1040 4098 a.
1050 4064 1057 4108 3
1068 4049 1276 4098 invitavitomnes

361 4115 380 4147 ¹⁸
394 4117 652 4182 caputmeumtoaue]
665 4119 789 4166 Concern-
813 4123 943 4180 magnates
954 4132 1023 4178 suos,
1034 4119 1111 4168 L.-P.

325 4186 368 4248 ing
379 4187 430 4236 this
441 4194 546 4250 custom,
567 4203 609 4236 see
621 4188 722 4249 Lhuyd,
740 4188 788 4235 Ar·
848 4185 869 4223 ²7
886 4189 1018 4251 Invenies]
1037 4189 1186 4251 ludificata.
