2902 4874
543 411 712 460 auororm
733 411 883 458 nennio.
1167 391 1190 456 9

240 568 377 650 sagittae
393 570 518 634 occidit
531 579 666 653 patrem
681 591 792 648 suum,
805 590 874 634 non
889 570 931 633 de
944 570 1115 634 industria
1129 569 1190 634 sed

240 688 334 733 casu.
387 669 434 733 Et
456 671 622 754 expulsus
647 673 690 736 ab
715 672 832 748 Italia,
857 678 892 735 et
907 669 1086 735 Arminilis
1111 670 1188 749 fuit,

241 776 277 833 et
289 771 385 833 venit
400 770 449 835 ad
456 772 588 835 insulas
605 772 715 836 Maris
732 773 891 856 Tyrreni,
907 779 943 836 et
957 772 1123 855 expulsus
1137 780 1190 836 est

241 890 263 933 a
279 869 411 934 Graecis
439 891 546 936 causa
573 873 755 938 occisionis
780 873 902 951 Turni,
928 892 1029 955 quem
1057 874 1189 937 AEneas

212 987 226 1030 ⁵
241 971 423 1050 occiderat,
439 979 475 1036 et
489 975 646 1056 pervenit
661 973 705 1037 ad
722 972 844 1037 Gallos
858 993 980 1055 usque,
995 981 1030 1037 et
1044 974 1092 1038 ibi
1106 993 1187 1039 oon-

240 1071 326 1136 didit
355 1073 528 1137 civitatem
558 1074 749 1152 Turonum,
773 1093 851 1157 quae
880 1081 1025 1138 vocatur
1048 1072 1188 1139 Tumis,

240 1171 288 1236 Et
308 1180 430 1255 postea
452 1174 496 1237 ad
517 1175 621 1239 istam
643 1175 800 1258 pervenit
821 1175 982 1250 insulam,
998 1194 1076 1256 quae
1091 1194 1113 1238 a
1126 1195 1188 1240 no-

239 1273 331 1337 mine
353 1293 415 1338 suo
442 1276 574 1359 accepit
596 1296 733 1354 nomen,
755 1275 790 1339 id
813 1283 878 1352 est,
894 1276 1140 1353 Brittanniam,
1154 1281 1189 1340 et

239 1374 394 1457 implevit
416 1395 492 1440 eam
518 1396 596 1440 cum
625 1396 688 1443 suo
714 1396 851 1460 genere,
874 1383 909 1439 et
934 1376 1105 1440 habitavit
1129 1377 1187 1440 ibi.

195 1496 227 1541 ιο
240 1472 296 1538 Ab
319 1476 379 1540 illo
404 1485 518 1541 autem
541 1477 596 1541 die
618 1478 776 1544 habitata
798 1485 852 1542 est
866 1476 1065 1541 Brittannia
1079 1496 1189 1560 usque

239 1574 276 1638 in
289 1575 490 1641 hodiernum
506 1578 606 1643 diem.

291 1677 308 1760 §
323 1677 376 1741 11.
400 1679 531 1743 AEneas
546 1687 661 1744 autem
677 1679 836 1760 regnavit
851 1679 961 1743 tribus
981 1679 1081 1743 annis
1096 1678 1188 1762 apud

240 1775 405 1858 Latinos3
421 1777 594 1844 Ascanius
609 1781 769 1862 regnavit
780 1781 880 1844 annis
888 1781 1033 1862 triginta
1045 1787 1189 1863 septem,

239 1885 442 1961 postquem
464 1880 604 1957 SilviuS,
627 1881 750 1944 AEneae
777 1881 880 1959 filius,
902 1881 1062 1963 regnavit
1090 1880 1190 1944 annis

194 1999 224 2043 ιε
239 1977 437 2060 duodecim3
462 1980 686 2046 Posthumius
710 1983 810 2045 annis
836 1983 981 2064 triginta
1006 2001 1142 2059 novem,
1169 2000 1190 2044 a

239 2098 308 2161 quo
323 2078 539 2146 Albanorum
554 2101 653 2165 reges
669 2081 768 2146 Silvii
790 2082 957 2166 appellati
979 2089 1072 2159 suut,
1088 2081 1188 2166 cujus

238 2178 345 2245 frater
367 2189 442 2246 erat
469 2183 591 2248 Bruto.
645 2182 795 2261 Quando
823 2184 993 2265 regnabat
1016 2183 1126 2246 Bruto
1153 2182 1189 2245 in

239 2279 449 2362 Brittannia,
470 2283 555 2347 Heli
576 2284 737 2348 sacerdos
756 2283 937 2368 judicabat
955 2284 992 2346 in
1009 2281 1131 2358 Israel,
1154 2290 1189 2347 et

237 2387 321 2446 tunc
351 2384 456 2448 archa
486 2385 701 2449 Testamenti
731 2385 775 2448 ab
803 2383 1005 2466 alienigenis
1033 2382 1188 2466 posside·

192 2482 350 2547 robatur.
399 2484 625 2550 Posthumius
635 2505 718 2549 vero
729 2483 836 2549 frater
847 2484 922 2570 ejus
935 2483 1027 2567 apud
1042 2484 1187 2548 Latinos

236 2585 414 2665 regnabat.

288 2684 370 2768 §la
387 2685 475 2751 Post
485 2687 705 2752 intervallum
722 2688 907 2753 multorum
919 2705 1100 2763 annorum,
1117 2705 1186 2748 non
1201 2694 1264 2743 Picta

237 2774 350 2849 minus
366 2789 655 2870 octingentorum,
666 2788 758 2853 Picti
767 2794 935 2852 venerunt
946 2794 982 2851 et
996 2805 1187 2868 occupave-

237 2894 319 2950 runt
332 2888 475 2966 insulae,
491 2909 569 2971 quae
585 2897 755 2954 vocantur
770 2887 935 2966 OrcadeS,
951 2895 985 2951 et
1007 2893 1129 2970 postea
1143 2905 1188 2949 ex

192 3000 223 3044 ao
236 2985 359 3055 insulis
373 2997 600 3055 vastaverunt
615 2991 772 3072 regiones
792 2990 932 3066 multaS,
947 2996 981 3053 et
996 3007 1187 3071 occupave-

272 3243 446 3309 urinalia]
460 3247 491 3294 In
502 3245 544 3295 the
556 3246 637 3296 MSS.
649 3246 700 3295 this
759 3243 780 3276 ²⁹
797 3246 880 3308 Post]
901 3246 963 3294 This
981 3247 1004 3295 is
1020 3245 1144 3307 preceded
1161 3247 1187 3294 in

237 3318 308 3365 word
318 3318 341 3366 is
351 3317 480 3377 variously
491 3318 607 3366 written:
617 3318 701 3365 Armi·
725 3318 748 3367 Ι.
760 3317 795 3377 by
805 3317 847 3364 the
860 3317 924 3378 title,
936 3317 992 3366 ‘Dc
1009 3318 1101 3378 peritia
1118 3316 1187 3365 Scot-

238 3388 279 3449 lis,
290 3387 414 3449 Armillis,
432 3387 590 3447 Arimmillis,
608 3388 700 3436 Arimi·
724 3391 815 3448 torum,
839 3401 890 3447 quo
916 3392 1026 3448 tempore
1053 3391 1187 3435 tenuerunt

238 3457 591 3520 nilis,Ariminis,Arimimis.
624 3458 655 3506 In
664 3460 700 3507 K.
726 3457 893 3506 Hiberniam!

238 3529 426 3577 aninterlinear
437 3529 505 3590 gloss
522 3533 600 3577 states
615 3528 670 3576 that
681 3529 701 3576 it
759 3523 780 3556 ²²
807 3526 986 3590 Intervallum]
1022 3526 1185 3575 Intervallum

238 3600 261 3647 is
273 3601 376 3647 ‘nomen
387 3599 456 3648 loci!
725 3612 784 3646 vero
802 3600 834 3645 80
851 3612 980 3658 annorum,
1000 3597 1105 3658 contigit
1127 3612 1186 3659 gen·

273 3665 284 3698 ⁶
307 3669 418 3732 Tarnis]
452 3669 575 3727 Turonis3
609 3668 702 3716 invasit
724 3671 774 3716 tem
791 3667 922 3716 Pictorum
940 3667 972 3716 de
992 3667 1097 3728 Scythia
1113 3683 1186 3717 ocea-

237 3743 346 3788 tractum
357 3739 557 3801 armoricanum,
568 3738 600 3787 de
618 3743 699 3787 tractu
724 3754 784 3787 num
795 3739 944 3801 ingressum,
950 3739 1135 3800 circumagente
1142 3740 1186 3787 tia-

237 3815 322 3858 autem
330 3810 494 3859 Armoricano
505 3809 555 3858 huc
564 3809 700 3858 adveniens
724 3816 761 3871 tu,
774 3809 814 3876 (aa
825 3810 852 3857 in
864 3811 944 3872 Beda,
956 3811 969 3873 ᾗ
980 3806 1017 3875 7).
1054 3809 1091 3860 Η.
1103 3809 1176 3857 Hunt

238 3881 363 3930 auennles
381 3881 430 3929 sibi
447 3885 532 3941 partes
554 3880 644 3928 insulae
663 3881 700 3929 in-
724 3880 850 3940 f.171,b.

238 3952 319 4012 gentis
336 3952 483 4013 vindicavit,
500 3956 525 3999 et
546 3965 579 3998 ex
601 3951 699 3999 nomine
757 3946 779 3982 2³
792 3943 1015 4016 Ortiagenteram]
1033 3952 1091 4011 900,
1105 3949 1139 3999 D.
1151 3950 1184 4000 E.

237 4022 448 4070 suoBritunniam
459 4021 567 4070 vocavit.
602 4021 700 4069 Dicunt
727 4021 760 4070 G.
773 4020 810 4070 Η.
823 4020 846 4069 Ι.
860 4020 894 4069 Κ.
906 4020 929 4068 L
939 4020 1003 4069 21³.
1011 4021 1043 4068 R.

237 4096 322 4140 autem
333 4092 371 4140 illi
382 4096 497 4141 auctores
508 4092 584 4153 quod,
598 4091 699 4152 quando
758 4087 779 4120 ²⁴
791 4086 950 4158 Rationalis]
963 4090 1057 4140 Insulis
1065 4089 1186 4153 finitimis,

238 4162 319 4211 Bruto
329 4164 459 4225 regnabat.
478 4162 698 4225 H.Huntingdon,
724 4162 761 4211 H.
775 4163 797 4211 Ι.
811 4162 845 4210 Κ.
858 4161 891 4208 Ρ.

234 4232 256 4299 5.
269 4234 363 4296 171,b.
844 4237 846 4241 ⁴
