2902 4874
236 400 280 465 68
609 411 814 461 lrrnumx..

291 572 375 636 XL.
400 569 581 650 Quomodo
604 588 682 631 cum
704 569 815 650 magis
831 571 902 634 suis
918 570 1032 632 locum
1056 567 1190 632 castelli

241 691 400 756 quaerens
424 670 622 746 Snaudune,
645 666 697 755 (id
724 676 788 746 est,
811 669 915 733 Mons
935 666 1068 753 Nivis,)
1092 688 1189 750 repe-

243 774 340 850 rerit,
362 771 422 836 sed
449 771 560 834 omnis
586 769 731 833 collecta
753 767 913 834 materies
938 769 1052 846 tertio,
1076 769 1190 831 subito

244 881 336 938 terra
351 870 560 948 dehiscente,
571 870 735 950 absorpta
748 869 804 932 sit.

296 971 402 1035 XLI.
430 969 611 1049 Quomodo
634 989 697 1033 rex
713 968 944 1050 vortigernus
967 988 1087 1050 magos
1110 986 1192 1032 suos
1219 989 1236 1033 s

245 1071 430 1147 consuluit,
454 1071 513 1151 qui
537 1070 567 1132 ei
591 1068 854 1150 responderunt,
874 1067 1039 1146 dicentes,
1064 1087 1101 1133 se
1124 1088 1192 1132 non

246 1190 347 1254 posse
360 1190 472 1233 arcem
488 1168 670 1245 aedificare,
684 1168 720 1231 ni
742 1169 837 1251 prius
860 1176 1100 1251 aspergeretur
1114 1188 1193 1231 san-

247 1271 352 1354 guine
366 1269 512 1352 alicujus
527 1269 636 1351 pueri,
652 1269 799 1350 quisine
814 1275 912 1350 patre
927 1270 1175 1350 conciperetur.

298 1369 426 1434 XLII.
461 1369 515 1433 De
543 1388 650 1451 puero
673 1369 747 1432 sine
777 1374 875 1449 patre
900 1370 1047 1450 quaesito
1079 1376 1115 1432 et
1140 1368 1195 1430 in·

248 1477 374 1549 vento;
409 1469 490 1550 quid
519 1468 561 1531 de
591 1475 715 1548 stagno
742 1470 806 1531 sub
833 1474 925 1531 terra
949 1470 1075 1551 posito,
1100 1481 1241 1546 vase,1o

248 1569 396 1634 tentorio
419 1576 454 1633 et
468 1568 686 1644 draconibus,
709 1575 875 1632 eteorum
896 1567 1023 1647 duello,
1045 1568 1196 1650 praedix-

248 1671 326 1746 erit,
340 1676 376 1733 et
390 1668 539 1750 qualiter
553 1667 627 1731 haec
642 1668 758 1731 omnia
772 1670 982 1750 exposuerit.

301 1767 450 1832 XLIII.
483 1767 644 1847 Qualiter
670 1787 734 1831 rex
759 1767 990 1849 Vortigernus
1014 1765 1198 1832 Ambrosio

250 1887 362 1932 arcem
377 1867 483 1944 dedit,
499 1886 604 1949 quam
618 1867 787 1931 aedificare
802 1887 869 1931 non
885 1869 1009 1950 potuit.

301 1966 443 2031 XLIV.
478 1967 533 2030 De
560 1966 735 2030 Vortemir
762 1967 832 2031 filio
863 1967 1065 2050 vortigerni
1093 1967 1197 2050 regis,
1211 1987 1241 2032 15

250 2067 398 2150 qualiter
422 2066 579 2130 Saxones
604 2087 681 2130 cum
707 2067 916 2150 principibus
938 2088 1068 2146 eorum,
1091 2067 1198 2132 inter-

251 2168 341 2232 fecto
357 2166 466 2244 HorS,
481 2166 626 2230 viriliter
644 2168 788 2250 pepulit,
803 2175 837 2231 et
852 2188 913 2250 per
927 2169 1199 2250 quinquennium

251 2267 378 2350 abegit.

302 2366 422 2431 XLV.
441 2367 495 2431 De
512 2368 621 2431 tribus
632 2369 731 2432 bellis
747 2368 1004 2451 principalibus,
1016 2388 1094 2452 quae
1107 2368 1198 2432 Vor-

251 2467 352 2531 temir
366 2475 488 2531 contra
510 2466 667 2532 Saxones
691 2469 820 2550 gessit3
844 2477 880 2533 et
895 2468 976 2550 quid
992 2471 1142 2533 moriens
1157 2469 1199 2532 de
1211 2488 1245 2534 ro

252 2586 288 2631 se
302 2567 498 2649 sepeliendo
513 2568 727 2650 praeceperit.

304 2666 449 2731 XLVI.
475 2666 647 2746 Qualiter,
670 2674 748 2750 post
761 2668 891 2731 obitum
907 2667 1094 2743 Vortemir,
1108 2668 1200 2733 Vor-

252 2767 407 2849 tigernus
429 2767 553 2830 iterum
578 2767 734 2831 Saxones
757 2769 897 2850 recepit,
918 2774 953 2831 et
974 2768 1017 2832 de
1039 2769 1202 2832 simulata

253 2868 348 2949 pacis
363 2868 546 2930 concordia
557 2886 619 2948 per
633 2866 790 2931 Saxones
806 2887 889 2949 erga
904 2868 1076 2933 Britones.

306 2965 469 3029 XLVII.
503 2965 684 3045 Quomodo
711 2968 785 3049 ipse
810 2967 1039 3049 Vortigernus
1068 2969 1148 3035 dolo
1181 2984 1246 3031 aas

254 3065 450 3129 Saxonibus
473 3074 595 3148 captus
618 3065 733 3143 fuerit,
750 3074 785 3130 et
799 3069 1021 3148 suggestione
1036 3067 1203 3151 Hengisti

254 3165 503 3246 Vortigemum
533 3166 697 3229 redimere
727 3186 764 3230 se
792 3167 902 3229 solum
934 3177 1131 3250 coegerunt,
1168 3175 1204 3232 et

255 3284 342 3346 quas
358 3271 467 3328 terras
484 3284 546 3348 pro
561 3265 771 3330 redemtione
786 3285 851 3328 sua
866 3269 1073 3349 acceperint,
1089 3276 1123 3332 et
1135 3287 1204 3349 qua

254 3365 487 3429 fraudulentia
502 3365 658 3429 Saxones
674 3365 821 3430 cultellis
834 3366 995 3431 Britones
1013 3375 1204 3432 trescentos

256 3466 348 3529 viros
364 3466 512 3548 optimos
529 3465 726 3530 occiderint.
1218 3473 1255 3518 ³⁰¹

309 3564 495 3628 XLVIII.
520 3566 575 3629 De
605 3566 755 3630 secundo
786 3566 938 3630 adventu
968 3566 1087 3631 Sancti
1116 3566 1204 3631 Ger·

256 3665 349 3727 mani
362 3665 398 3727 in
416 3665 645 3742 Britanniam,
661 3672 696 3729 et
711 3666 858 3746 qualiter
878 3667 1070 3749 fugientem
1085 3667 1207 3732 Vorti-

257 3783 413 3847 gernum,
437 3771 476 3827 ut
491 3765 523 3827 ei
538 3765 640 3828 fidem
662 3766 878 3846 praedicaret,
894 3766 1042 3831 Sanctus
1060 3767 1205 3832 Germa-

257 3882 322 3926 nus
338 3863 483 3927 sollicite
498 3866 701 3929 subsecutus
716 3866 772 3942 sit,
788 3873 823 3929 et
837 3874 950 3945 nocte,
966 3868 1047 3949 igne
1061 3868 1103 3932 de
1117 3869 1206 3932 coelo

257 3963 412 4040 cadente,
427 3984 488 4027 rex
504 3965 540 4027 in
557 3985 634 4028 arce
646 3985 724 4027 cum
740 3967 811 4028 suis
827 3974 972 4033 exustus
988 3967 1064 4032 fuit.
1220 3975 1251 4020 ³⁵

309 4062 457 4127 XLIX.
483 4063 585 4143 Quod
611 4065 769 4146 quaedam
792 4067 937 4131 assertio
960 4068 1017 4146 sit,
1036 4070 1127 4152 quod
1150 4089 1209 4134 cor

257 4161 333 4245 ejus
347 4183 392 4226 ex
407 4163 523 4228 dolore
538 4165 719 4247 crepuerit.
