2902 4874
641 417 840 466 APPENDIX.
1165 408 1210 472 67

309 573 469 638 XXXI.
494 574 548 637 De
563 592 674 651 servo,
689 575 749 657 qui
773 594 850 638 eum
875 575 919 639 ad
939 576 1129 659 hospitium
1150 580 1204 644 in-

256 672 391 752 vitavit,
403 684 439 739 et
449 673 492 737 de
500 674 610 738 vitulo
626 682 726 739 nocte
737 675 863 752 occiso,
874 684 973 743 cocto
987 685 1023 741 et
1038 687 1202 757 comesto,

255 780 291 835 et
312 792 413 839 mane
435 792 550 839 coram
573 768 681 838 matre
707 775 799 851 vivo,
823 793 910 840 sano
933 785 968 842 et
989 779 1126 860 integro
1148 781 1201 843 in·

255 880 391 937 vento.

226 986 241 1029 ⁵
306 972 489 1037 XXXII.
513 973 568 1036 De
583 972 731 1056 quodam
746 975 820 1039 viro
841 977 884 1038 ab
899 996 941 1040 eo
957 978 1143 1060 baptizato,
1166 987 1202 1044 et

249 1072 356 1154 juxta
369 1073 446 1157 ejus
460 1073 661 1138 vaticinium
675 1094 758 1138 mox
773 1075 947 1155 defuncto,
961 1084 998 1141 et
1014 1079 1058 1142 ab
1074 1080 1200 1161 angelo

253 1172 321 1236 Dei
335 1180 507 1255 suscepto.

297 1271 500 1338 XXXIII.
518 1271 677 1351 Qualiter
687 1273 833 1356 hospitis
849 1275 903 1337 sui
912 1275 1002 1338 filios
1016 1276 1059 1340 de
1073 1278 1200 1360 oppido
1268 1328 1273 1335 .

252 1372 350 1437 educi
372 1375 548 1456 praecepit,
573 1380 609 1436 et
633 1381 734 1437 nocte
762 1375 840 1456 ipsa
870 1393 983 1438 arcem
1008 1395 1085 1439 cum
1117 1399 1199 1460 rege

206 1494 238 1538 ro
250 1472 342 1554 ignis
357 1474 400 1536 de
414 1474 504 1538 coelo
520 1473 675 1536 funditus
690 1475 890 1537 consumsit.

302 1572 499 1638 XXXIV.
524 1571 707 1651 Quomodo
721 1575 775 1638 vir
790 1573 859 1650 ille,
872 1574 931 1655 qui
945 1582 1103 1640 sanctum
1118 1576 1198 1642 hos-

251 1671 337 1754 pitio
354 1675 494 1757 recepit,
517 1672 671 1751 credidit,
688 1680 724 1737 et
734 1674 931 1756 baptizatus
951 1673 1028 1751 fuit,
1044 1682 1080 1739 et
1089 1677 1196 1760 juxta

249 1774 391 1836 verbum
418 1774 494 1858 ejus
517 1774 560 1837 de
583 1791 684 1838 servo
707 1793 771 1837 rex
798 1773 911 1837 factus
941 1781 994 1837 est
1020 1775 1062 1838 de
1090 1796 1197 1859 regno

251 1871 477 1952 Powisorum,
493 1881 528 1937 et
544 1893 662 1938 omnes
678 1873 740 1937 filii
754 1873 830 1956 ejus
843 1881 925 1956 post
939 1893 1028 1938 eum.

204 1990 235 2034 15
300 1973 476 2039 XXXV.
500 1972 660 2052 Qualiter
683 1973 845 2037 Britones
866 1992 1022 2038 annonas
1047 1974 1195 2039 Saxoni-

248 2073 313 2137 bus
324 2076 565 2155 promiserunt,
580 2080 621 2137 ut
633 2093 696 2156 pro
718 2073 767 2137 eis
788 2074 954 2139 adversus
966 2073 1095 2152 hostes,
1111 2073 1195 2160 (sci-

248 2172 329 2237 licet
349 2174 467 2239 Pictos
492 2181 528 2238 et
550 2170 718 2257 Scottoa)
744 2173 957 2251 dimicarent,
986 2173 1046 2237 sed
1072 2182 1196 2257 postea

247 2272 358 2337 facere
374 2275 569 2338 noluerunt.

297 2373 495 2438 XXXVI.
530 2373 688 2453 Qualiter
723 2393 787 2437 rex
813 2373 1044 2455 Vortigernus
1084 2373 1192 2438 Rom-

201 2493 233 2538 ao
246 2493 403 2538 wennam
425 2475 532 2539 filiam
558 2474 724 2556 Hengisti
748 2473 961 2538 adamaverit
983 2479 1019 2538 et
1041 2473 1191 2551 duxerit,

245 2581 281 2636 et
297 2573 457 2638 (lantiam
473 2575 538 2638 sibi
552 2575 589 2637 in
604 2574 719 2637 dotem
731 2573 873 2638 dederit.

296 2672 515 2739 XXXVII.
539 2672 699 2752 Qualiter
718 2674 912 2756 Hengistus
938 2671 1063 2736 Octam
1082 2673 1190 2738 filium

148 2809 151 2815 ·
243 2792 355 2851 suurn,
370 2781 406 2838 et
417 2773 576 2838 Ebis'sam
588 2774 696 2837 filium
712 2772 808 2837 Hors
822 2772 937 2836 fratris
950 2773 1016 2849 sui,
1031 2773 1076 2836 ad
1091 2775 1189 2857 aqui·

241 2872 372 2938 lonales
387 2882 503 2956 partes
520 2874 711 2937 Britanniae
734 2873 908 2949 invitavit,
924 2879 960 2936 et
974 2892 1076 2954 quam
1099 2874 1189 2938 sedi·

197 2990 229 3035 nt
243 2972 330 3039 tiose
352 2993 437 3056 gens
450 2974 628 3039 Saxonum
648 2993 709 3055 per
724 2973 937 3054 Hengistum
956 2981 1080 3054 postea
1100 2974 1189 3038 clam

242 3079 278 3136 et
292 3093 476 3157 parumper
489 3074 633 3139 venerit.
1025 3124 1031 3132 .

293 3172 533 3238 XXXVIII.
557 3171 739 3253 Quomodo
759 3191 821 3235 rex
835 3168 1067 3254 Vortigernus
1083 3173 1188 3237 filiam

241 3291 339 3337 suam
367 3275 541 3356 propriam
564 3272 768 3352 violaverit3
802 3271 902 3335 etde
927 3291 970 3335 ea
994 3273 1102 3337 filium
1127 3293 1187 3354 ge-

240 3373 366 3452 nuerit,
381 3381 417 3438 et
438 3375 567 3438 crimen
588 3375 626 3437 in
645 3373 843 3454 episcopum
859 3379 1057 3453 retorquere
1070 3372 1187 3436 volue-

195 3472 307 3552 aorit3
335 3481 370 3538 et
393 3473 522 3538 Sancto
547 3473 722 3538 Germano
746 3472 949 3553 imperante,
978 3470 1015 3533 in
1041 3472 1186 3535 concilio

154 3558 168 3566 ’
240 3591 356 3636 coram
379 3574 536 3638 omnibus
560 3575 603 3638 ab
624 3572 756 3635 infante
772 3570 944 3652 proditum
961 3570 1072 3634 scelus
1092 3570 1186 3634 illius

238 3673 296 3750 sit,
324 3671 433 3737 etsie
460 3693 482 3736 1
503 3675 605 3736 beato
630 3671 805 3736 Germano
833 3676 869 3733 et
893 3670 986 3735 omni
1013 3676 1186 3734 conventu

238 3771 422 3838 damnatus
438 3775 495 3837 sit.

289 3873 493 3939 XXXIX.
518 3872 630 3952 Quale
643 3869 824 3936 consilium
836 3869 998 3934 Britones
1012 3868 1086 3950 regi
1094 3869 1187 3934 Vor-

192 3975 371 4056 atigerno
388 3975 554 4040 dederint.

570 4188 589 4218 ¹⁴
600 4190 685 4252 Filia]
703 4189 791 4253 Filios,
802 4189 862 4240 MS.

1018 4285 1034 4330 2
1046 4294 1059 4330 r
1070 4284 1086 4330 2
