2902 4874
307 385 351 450 66
680 396 878 442 areaunrx.

360 555 515 622 XXIV.
539 554 594 617 De
615 554 765 617 secundo
788 554 893 617 etiam
918 552 1057 629 Severo,
1072 552 1131 634 qui
1157 551 1260 617 solita

309 664 483 723 structura
496 675 630 717 murum
654 655 813 730 alterum,
835 653 879 716 ad
902 653 1068 717 arcendos
1084 652 1202 716 Pictos
1226 660 1261 717 et

310 759 459 833 Scottos,
483 754 601 819 deria
615 753 821 818 Tinemuthe
844 773 954 837 usque
980 754 1149 818 Bowenes
1171 772 1260 835 prae-

311 858 413 939 cepit.

363 953 496 1020 XXV.
520 955 575 1018 De
592 953 810 1031 Constantio,
824 954 883 1036 qui
907 953 1108 1018 Britonibus
1130 953 1166 1015 in
1182 952 1260 1015 Bri-
1290 967 1305 1010 t
1407 998 1410 1003 .

313 1057 433 1122 tannia
460 1053 655 1136 Imperator
677 1054 819 1118 ultimus
845 1053 1005 1136 praefuit3
1039 1060 1076 1117 et
1099 1051 1262 1134 quamdiu

314 1175 457 1239 regnum
484 1154 721 1219 Romanorum
742 1155 779 1217 in
806 1154 967 1218 Britones
985 1151 1202 1235 perduravit,
1228 1159 1263 1216 et

246 1323 251 1335 ,
315 1254 454 1339 quando
467 1254 517 1317 illi
535 1255 713 1318 Romanos
730 1255 874 1317 ulterius
888 1254 1038 1336 recipere
1054 1253 1248 1316 noluerunt.

366 1352 520 1420 XXVI.
545 1353 625 1433 Quo
643 1361 796 1436 tempore
813 1354 975 1418 Britones
993 1354 1118 1438 jugum
1134 1352 1265 1416 Roma·

317 1475 438 1519 norum
462 1453 685 1536 abjecerunt3
710 1461 745 1518 et
771 1454 909 1536 quando
933 1454 1080 1518 Nicaena
1101 1452 1264 1535 synodum
1279 1466 1311 1512 ro

276 1545 279 1552 ’
319 1553 534 1630 Ambrosius
553 1555 740 1631 Martinus,
756 1553 1002 1638 Hieronymus,
1014 1553 1213 1629 floruerunt,
1231 1558 1267 1616 et

317 1656 359 1719 de
382 1654 635 1718 Maximiniano
655 1654 821 1736 Tyranno
844 1662 879 1719 et
903 1654 975 1718 filio
999 1653 1076 1736 ejus
1090 1652 1265 1730 victoriae3

317 1753 466 1836 qualiter
488 1761 523 1817 et
544 1754 604 1818 ubi
628 1753 800 1817 interfecti
813 1753 964 1818 fuerunt.
1016 1753 1063 1817 Et
1079 1761 1164 1836 quot
1186 1753 1268 1816 anni

319 1856 361 1917 ab
375 1853 475 1916 initio
495 1853 614 1916 mundi
635 1861 671 1917 et
693 1855 737 1916 ab
759 1853 998 1918 incarnatione
1011 1853 1141 1918 Christi
1160 1871 1268 1934 usque

319 1953 363 2017 ad
378 1952 463 2016 illud
478 1959 615 2035 tempus
630 1954 852 2017 transierunt.
1282 1975 1313 2020 15

371 2050 547 2116 XXVII.
572 2052 669 2132 Quot
692 2054 824 2118 vicibus
846 2053 1008 2117 Britones
1028 2052 1266 2118 Romanorum

320 2153 424 2217 duces
433 2152 641 2230 occiderunt,
652 2161 688 2216 et
696 2172 766 2235 qua
774 2153 964 2217 calliditate
978 2171 1038 2217 eos
1049 2160 1165 2217 tamen
1179 2172 1270 2217 sem-

320 2273 381 2335 per
403 2251 447 2316 ad
472 2253 604 2316 auxilia
632 2254 698 2317 sibi
722 2253 865 2317 ferenda
884 2260 1171 2336 provocaverunt.
1224 2252 1272 2318 Et

322 2360 407 2434 quot
422 2354 504 2416 anni
519 2354 681 2417 Britones
703 2355 767 2417 sub
781 2354 931 2418 dominio
946 2354 1182 2418 Romanorum
1194 2353 1270 2418 fue-

322 2459 416 2515 runt.
1283 2469 1318 2514 ao.

374 2551 571 2616 XXVIII.
610 2551 712 2631 Quod
735 2555 779 2617 ab
807 2553 1011 2637 expulsione
1035 2553 1271 2618 Romanorum

323 2652 499 2732 usquead
524 2652 710 2716 adventum
737 2653 927 2731 Saxonum,
950 2653 1029 2740 (per
1053 2672 1162 2718 annos
1175 2653 1272 2717 vide·

323 2752 404 2815 licet
419 2748 499 2836 xn)
512 2759 588 2816 tota
602 2753 785 2817 Britannia
807 2756 871 2817 sub
894 2755 1045 2817 maximo
1069 2761 1163 2818 metu
1185 2753 1270 2831 fuit3

324 2859 359 2915 et
373 2851 512 2934 quando
527 2851 760 2934 Vortigernus
777 2874 840 2917 rex
862 2854 987 2936 impius
1002 2855 1173 2935 regnavit,
1188 2859 1273 2934 quot

323 2951 503 3014 timoribus
525 2953 733 3035 quantisque
755 2954 988 3017 anxietatibus
1003 2972 1187 3036 oppressus
1210 2973 1272 3015 ex·
1285 2966 1318 3012 25

324 3051 414 3114 stitit
425 3070 434 3129 3
447 3057 554 3131 quoto
563 3070 655 3116 anno
665 3072 686 3115 a
695 3054 854 3135 passione
870 3053 1011 3117 Domini
1025 3053 1182 3118 Saxones
1196 3071 1273 3115 sus-

324 3150 428 3232 cepit,
443 3156 478 3213 et
492 3145 641 3214 insulam
650 3151 764 3216 Tanet
778 3153 822 3216 ad
838 3153 1099 3218 inhabitandum
1115 3152 1272 3231 tradidit3

325 3256 360 3312 et
382 3249 425 3313 de
447 3251 609 3332 prosapia
630 3252 734 3315 etiam
751 3251 929 3334 Hengisti,
952 3262 987 3318 et
1008 3254 1179 3336 quomodo
1195 3251 1274 3317 Bri·

327 3350 480 3412 tanniam
505 3351 622 3430 venit;
652 3359 687 3415 et
709 3352 889 3434 imperium
913 3353 1150 3418 Romanorum
1172 3373 1277 3435 super

327 3448 488 3513 Britones
504 3457 640 3533 tempus
654 3453 792 3516 omnino
807 3472 882 3517 esse
896 3453 1009 3519 desiit.
1289 3474 1321 3520 ao

346 3554 349 3558 ⁴
378 3548 540 3613 XXIX.
579 3549 729 3629 Quando
758 3552 907 3616 Sanctus
944 3552 1139 3618 Germanus
1174 3551 1276 3616 fidem

327 3648 575 3730 praedicaturus
599 3651 816 3715 Britanniam
831 3654 977 3730 venerit,
999 3662 1035 3719 et
1050 3652 1277 3734 Pelagianam

326 3748 485 3812 haeresim
514 3750 733 3833 exstirpavit,
760 3751 948 3830 damnavit,
982 3762 1017 3818 et
1048 3752 1186 3817 omnino
1218 3753 1276 3816 de·

327 3848 467 3912 struxit.

380 3946 518 4010 XXX.
544 3948 598 4011 De
616 3950 716 4013 Benli
732 3971 813 4034 rege
833 3952 962 4015 infideli
978 3959 1013 4016 et
1036 3959 1197 4036 tyranno,
1219 3951 1277 4034 qui
1291 3967 1321 4012 aa

328 4047 493 4111 Sanctum
512 4046 723 4114 Germanum
746 4053 896 4134 recipere
917 4053 1040 4129 noluit,
1064 4054 1124 4117 sed
1147 4053 1277 4116 aditum

327 4145 449 4216 domus
465 4167 537 4211 suae
552 4149 775 4230 prohibuerit.
